2966 4196
321 277 382 341 142
456 299 458 304 ·
652 292 701 345 DE
718 291 834 346 BELLO
851 289 1013 346 GALLICO

283 464 429 534 aeastris
462 465 553 530 absit.
598 463 648 529 his
682 461 857 529 constitutis
884 462 978 528 rebus
1008 461 1073 527 suis
1103 460 1351 545 inopinantibus,

203 629 205 632 .
283 588 413 650 equam
436 566 582 631 maximis
604 571 708 650 potest
729 565 904 646 itineribus,
927 564 1084 630 Viennam
1105 564 1261 648 pervenit.
1306 563 1353 628 ibi

318 676 430 734 nactus
451 673 611 734 recentem
642 668 824 752 equitatum,
849 687 942 750 quem
963 667 1070 732 multis
1089 672 1165 732 ante
1180 665 1292 732 diebus
1315 686 1353 732 eo

318 773 531 858 praemiserat,
562 792 666 855 neque
688 772 799 836 diurno
821 790 925 854 neque
951 776 1102 836 nocturno
1125 769 1237 834 itinere
1259 770 1353 835 inter-

318 876 413 942 misso
433 896 498 961 ,per
526 875 607 941 fines
635 874 815 940 Aeduorum
844 875 877 938 in
904 874 1064 957 Lingones
1096 871 1267 954 contendit,
1297 872 1353 938 ubi

319 979 400 1044 duae
428 978 570 1062 legiones
600 976 792 1057 hiemabant,
820 983 864 1058 ut,
897 977 925 1041 si
947 975 1023 1058 quid
1046 975 1141 1040 etiam
1163 974 1203 1040 dc
1225 995 1283 1042 sua
1305 995 1353 1040 sa·

251 1129 252 1132 ,
319 1084 384 1148 lute
406 1083 447 1148 ab
469 1081 589 1146 Aeduis
618 1081 748 1144 iniretur
778 1079 908 1160 consilii,
939 1079 1098 1144 celeritate
1127 1085 1350 1162 praecurreret.

283 1207 301 1254 a
320 1205 356 1250 eo
379 1204 450 1248 curn
471 1183 678 1268 pervenisset,
702 1181 744 1246 ad
765 1182 902 1264 rehquas
923 1181 1065 1266 legiones
1085 1181 1181 1246 mittit
1202 1181 1352 1266 priusque

319 1305 428 1352 omnes
449 1285 483 1350 in
505 1305 602 1349 unum
624 1285 726 1350 locum
749 1284 841 1368 cogit,
866 1303 959 1366 quam
982 1282 1022 1348 de
1045 1283 1112 1349 eius
1133 1283 1274 1350 adventu
1296 1285 1352 1349 Ar·
1478 1327 1479 1344 ι

284 1388 425 1456 evernis
458 1388 597 1453 nuntiari
629 1394 744 1472 posset.
794 1387 855 1452 hac
886 1406 921 1452 re
955 1386 1081 1470 cognita
1110 1386 1351 1470 Vercingetorix
1478 1439 1479 1464 ,

318 1511 424 1556 rursus
445 1491 479 1555 in
501 1491 658 1575 Bituriges
681 1489 854 1555 exercitum
875 1489 997 1554 reducit
1018 1495 1113 1572 atque
1135 1488 1211 1554 inde
1232 1489 1352 1574 profec·
1478 1485 1479 1544 ἶ

319 1600 370 1659 tus
393 1593 616 1677 Gorgobinam,
646 1592 792 1658 Boiorum
822 1592 982 1677 oppidum,
1013 1612 1091 1675 quos
1119 1592 1165 1659 ibi
1187 1593 1351 1659 Helvetico

319 1697 435 1781 proeho
457 1696 557 1762 victos
581 1697 698 1762 Caesar
720 1696 925 1760 collocaverat
947 1694 1129 1779 Aeduisque
1154 1695 1349 1777 attribuerat,
1478 1709 1479 1712 ’

319 1819 501 1884 oppugnare
523 1799 666 1864 instituit.

288 1924 301 1971 ι
422 1903 462 1967 X.
486 1903 635 1986 Magnam
657 1901 737 1966 haee
758 1921 809 1966 res
825 1902 952 1967 Caesari
974 1899 1192 1966 difficultatem
1214 1901 1256 1966 ad
1279 1921 1351 1967 eon·

320 2006 423 2070 silium
452 2004 640 2089 capiendum
669 2005 831 2084 afferebat,
863 2004 890 2068 si
918 2004 1070 2087 reliquam
1092 2011 1215 2089 partem
1237 2004 1351 2070 hiemis

319 2129 382 2173 uno
403 2109 472 2173 loco
500 2107 641 2190 legiones
664 2106 847 2187 contineret,
871 2126 912 2172 ne
935 2105 1147 2190 stipendiariis
1168 2106 1349 2172 Aeduorum
1404 2147 1407 2152 -

320 2210 510 2294 expugnatis
542 2216 654 2274 cuncta
677 2209 779 2300 Galba
806 2209 962 2291 deficeret,
993 2208 1077 2292 quod
1099 2210 1218 2275 nullum
1239 2209 1350 2275 amicis

319 2313 353 2376 in
376 2333 412 2378 eo
434 2312 625 2398 praesidium
640 2312 799 2377 videretur
820 2312 956 2396 positum
979 2332 1062 2398 esse,
1086 2313 1113 2378 si
1134 2313 1285 2378 maturius
1309 2333 1350 2377 ex

320 2415 460 2481 hibernis
482 2415 638 2495 educeret,
661 2434 702 2478 nc
723 2416 764 2480 ab
787 2435 822 2480 re
843 2415 1048 2480 frumentaria
1070 2414 1156 2481 duris
1178 2415 1350 2481 subvectio-

285 2539 302 2587 ι
320 2518 413 2584 nibus
427 2517 591 2581 laboraret.
615 2523 775 2601 praestare
790 2518 893 2583 visum
909 2524 1079 2582 esttamen
1095 2537 1203 2583 omnes
1218 2516 1350 2582 difficul-

320 2627 401 2710 tates
428 2619 564 2704 perpeti,
594 2639 688 2710 quam
716 2627 806 2685 tanta
835 2621 1023 2686 contumelia
1051 2627 1183 2705 accepta
1210 2621 1349 2686 omnium

285 2743 445 2792 asnorum
474 2723 652 2787 voluntates
682 2722 830 2787 alienare.
876 2724 982 2806 itaque
1016 2723 1193 2790 cohortatus
1222 2723 1349 2790 Aeduos
1478 2757 1479 2784 ι

320 2824 360 2890 de
389 2823 601 2909 supportando
631 2831 806 2890 commeatu
838 2826 1010 2910 praemittit
1038 2825 1080 2890 ad
1105 2827 1209 2908 Boios,
1232 2827 1286 2910 qui
1307 2825 1349 2892 de

320 2948 375 2994 suo
404 2927 544 2993 adventu
573 2926 707 2993 doceant
736 2928 969 3012 hortenturque,
999 2934 1034 2994 ut
1059 2929 1092 2993 in
1114 2928 1178 2994 fide
1199 2937 1349 2994 maneant
1478 2957 1479 2964 ι

284 3052 302 3101 4
319 3038 414 3114 atque
436 3031 572 3095 hostium
593 3030 745 3114 impetum
766 3051 882 3112 magno
897 3029 1003 3096 animo
1018 3031 1201 3096 sustineant.
1226 3031 1349 3096 duabus
1478 3039 1479 3050 ¹

318 3133 473 3216 Agedinci
494 3132 672 3215 legionibus
694 3139 788 3214 atque
810 3131 1044 3216 impedimentis
1073 3135 1169 3199 totius
1192 3135 1348 3199 exercitus

318 3236 434 3300 relictis
456 3234 498 3299 ad
520 3235 614 3301 Boios
635 3235 850 3319 proficiscitur.

286 3360 300 3406 1
418 3339 475 3402 XI.
512 3339 619 3404 Altero
642 3337 693 3402 die
716 3358 787 3402 curn
808 3337 850 3402 ad
872 3338 1022 3423 oppidum
1045 3339 1204 3405 Senonum
1227 3341 1349 3404 Vellau-
1478 3375 1479 3440 }

190 3459 192 3463 ’
318 3439 479 3506 nodunum
500 3441 648 3522 venisset,
670 3460 712 3505 ne
734 3461 827 3523 quem
848 3447 919 3524 post
941 3461 976 3506 se
997 3441 1119 3506 hostem
1148 3442 1347 3526 reinqueret,

320 3563 381 3626 quo
408 3543 601 3626 expeditiore
630 3563 665 3608 re
693 3543 897 3608 frumentaria
918 3549 1066 3625 uteretur,
1097 3563 1280 3628 oppugnare
1302 3545 1347 3609 in·

284 3647 419 3714 nstituit
441 3645 535 3728 idque
557 3645 653 3712 biduo
684 3646 943 3731 circumvallavit,
975 3647 1066 3711 tertio
1097 3645 1148 3711 die
1180 3647 1283 3713 missis
1306 3667 1348 3713 ex
1404 3638 1406 3642 ’

320 3749 434 3833 oppido
456 3748 569 3832 legatis
591 3747 631 3812 de
661 3747 820 3812 deditione
841 3767 929 3812 arma
952 3748 1094 3831 conferri,
1117 3749 1258 3814 iumenta
1280 3771 1348 3834 pro-

285 3851 401 3932 aduoi,
432 3857 597 3915 sexcentos
627 3848 753 3914 obsides
783 3849 851 3913 dari
879 3850 975 3915 iubet.
1021 3870 1059 3914 ea
1088 3851 1142 3932 qui
1170 3852 1347 3935 conficeret,
