2966 4196
5 3710 29 3880 1

231 219 292 284 152
566 232 616 286 DE
633 229 749 285 BELLO
767 229 928 285 GALLICO

230 405 355 490 quando
377 425 434 490 pro
450 405 546 489 tantis
565 404 724 468 laboribus
738 405 874 467 fructum
889 402 1039 467 victoriae
1053 401 1260 486 perciperent,

227 511 276 589 iis,
308 509 360 591 qui
390 508 482 592 primi
512 527 634 571 murum
667 505 893 588 ascendissent,
927 506 1068 589 praemia
1100 505 1262 589 proposuit

193 633 208 681 1
228 611 440 693 militibusque
463 610 588 694 signum
610 607 707 674 dedit.
753 609 797 672 1111
820 608 923 674 subito
947 628 988 672 ex
1018 609 1163 674 omnibus
1192 627 1260 692 par-

227 714 312 780 tibus
335 714 539 778 evolaverunt
560 731 745 794 murumque
769 711 910 776 celeriter
932 710 1175 794 compleverunt.
1286 771 1287 774 ,
1350 747 1356 753 -
1476 701 1477 732 ³

195 837 208 886 1
330 816 481 880 XXVIII.
517 815 632 880 Hostes
653 834 688 879 re
710 834 794 879 nova
814 813 980 897 perterriti,
1003 831 1091 877 1111110
1113 813 1261 878 turribus-

227 939 288 1003 que
311 917 425 982 deiecti
448 918 480 980 in
504 917 571 981 foro
593 916 730 981 1111111
757 916 986 998 patentioribus
1010 916 1168 979 cuneatim
1190 935 1260 980 con·

227 1023 381 1104 stiterunt,
405 1020 465 1085 1101
479 1021 594 1102 animo,
618 1024 662 1100 ut,
687 1019 714 1084 si
737 1039 799 1101 qua
822 1038 862 1082 ex
886 1024 975 1102 parte
998 1018 1125 1082 obviam
1141 1019 1260 1083 venire-

193 1130 286 1206 atur,
309 1123 377 1188 acie
399 1123 551 1187 instructa
566 1121 794 1206 depugnarent.
817 1121 873 1186 ubi
888 1121 1047 1185 nemiuem
1068 1121 1101 1184 in
1124 1141 1259 1204 aequum
1336 1197 1338 1200 ¹

225 1227 329 1291 locum
359 1245 429 1290 sese
459 1223 633 1304 demittere,
664 1222 721 1288 sed
750 1228 814 1288 1010
847 1222 987 1306 undique
1016 1244 1105 1289 muro
1132 1225 1260 1289 eircum-

226 1327 315 1392 fundi
339 1327 495 1409 viderunt,
518 1325 619 1409 veriti,
642 1346 684 1391 ne
706 1326 833 1391 omnino
863 1346 936 1410 spes
965 1325 1062 1409 fugae
1091 1327 1258 1411 tolleretur,

226 1431 358 1495 abiectis
388 1429 483 1494 armis
512 1429 638 1494 ultimas
668 1428 777 1513 oppidi
806 1435 913 1514 partes
943 1429 1117 1494 continenti
1139 1430 1259 1514 impetu

192 1533 414 1618 apetiverunt,
438 1551 574 1616 parsque
596 1531 649 1614 ibi,
674 1551 745 1596 eum
768 1538 902 1615 angusto
926 1531 1013 1596 exitu
1043 1537 1202 1614 portarum
1224 1553 1258 1598 se

225 1635 286 1721 ipsi
308 1641 496 1719 premerent,
520 1655 540 1697 a
561 1634 721 1717 militibus,
753 1636 911 1718 persiam
935 1655 1062 1718 egressa
1091 1636 1187 1719 portie
1216 1639 1257 1702 ab

226 1738 383 1820 equitibus
406 1743 454 1802 111
475 1737 650 1801 interiecta.
685 1757 745 1802 1111
767 1737 826 1801 fuit
848 1738 1021 1820 quisquam,
1046 1738 1099 1820 qui
1121 1738 1258 1822 praedae

193 1841 373 1912 estuderet.
420 1841 466 1906 111
495 1847 527 1905 11
550 1840 671 1906 Cenabi
701 1839 798 1906 caede
821 1846 853 1905 11
882 1841 989 1905 labore
1011 1841 1115 1924 operis
1137 1842 1257 1906 incitati

224 1965 287 2009 non
310 1949 414 2008 aetate
438 1943 598 2024 confectis,
623 1963 686 2008 non
709 1943 901 2027 mulieribus,
924 1963 988 2007 non
1010 1944 1187 2034 infantibus
1206 1965 1258 2028 pe·

193 2053 400 2130 operuerunt.
447 2045 584 2127 denique
614 2065 656 2110 ex
685 2046 771 2110 omni
800 2065 939 2128 numero,
971 2046 1024 2128 qui
1053 2045 1113 2110 fuit
1136 2047 1257 2112 circiter

111 2209 115 2216 .
225 2149 344 2213 milium
366 2149 434 2231 XL,
457 2148 513 2211 vix
529 2139 649 2230 Dece,
673 2149 726 2229 qui
748 2149 848 2232 primo
872 2149 1007 2214 clamore
1028 2149 1135 2214 audito
1158 2169 1193 2215 11
1216 2170 1256 2214 ex

224 2250 340 2336 oppido
357 2251 523 2333 eiecerunt,
546 2251 719 2315 incolumes
738 2250 780 2314 ad
795 2252 1086 2335 Vercingetorigem
1108 2273 1256 2336 pervene

191 2359 306 2424 erunt.
353 2372 430 2434 quos
459 2353 511 2417 ille
541 2353 641 2416 multa
669 2353 733 2416 iam
763 2360 855 2418 noete
885 2355 1008 2420 silentio
1039 2373 1079 2419 ex
1107 2355 1183 2438 suga
1205 2377 1256 2421 ex·

225 2456 309 2540 cepit
330 2456 457 2539 veritus,
492 2475 533 2520 ne
563 2476 625 2538 qua
654 2455 687 2519 in
718 2456 827 2522 castris
858 2477 899 2520 ex
922 2477 1028 2521 eorum
1051 2476 1203 2523 concursu
1225 2465 1256 2524 11

224 2558 437 2624 misericordia
458 2557 546 2642 vulgi
569 2557 680 2623 seditio
703 2564 850 2642 oreretur,
874 2565 909 2623 ut
930 2559 1038 2643 procul
1059 2559 1094 2624 in
1116 2561 1170 2625 via
1196 2561 1255 2626 dis-

224 2661 333 2746 positis
355 2661 561 2726 familiaribus
584 2661 648 2726 suis
675 2661 932 2746 principibusque
963 2661 1124 2726 civitatum
1154 2662 1255 2748 dispa-

223 2763 339 2830 randos
361 2763 623 2846 deducendosque
645 2764 686 2828 ad
710 2783 782 2830 suos
805 2769 936 2847 curaret,
960 2783 1040 2846 quae
1056 2765 1168 2847 cuique
1183 2767 1255 2830 civi·

223 2866 281 2931 1111
303 2886 376 2950 pars
399 2873 569 2931 castrorum
591 2867 744 2930 abinitib
767 2867 948 2932 obvenerat.

191 2991 206 3036 r
326 2969 446 3033 XXIX.
492 2969 620 3034 Postero
643 2968 695 3033 die
718 2969 849 3034 concilio
878 2975 1049 3036 convocato
1077 2971 1254 3038 consolatus

224 3071 463 3154 cohortatusque
494 3077 550 3152 est,
581 3091 622 3136 ne
652 3091 686 3136 se
715 3070 885 3137 admodum
913 3073 1019 3138 animo
1042 3072 1253 3160 demitterent,

190 3197 205 3244 a
222 3195 264 3240 ne
285 3176 541 3258 perturbarentur
559 3173 765 3239 incommodo.
799 3194 863 3239 non
878 3176 993 3240 virtute
1007 3196 1110 3258 neque
1131 3178 1164 3242 in
1186 3179 1254 3242 acie

222 3277 336 3342 vicisse
358 3278 526 3359 Romanos,
550 3275 606 3340 sed
628 3275 759 3342 artificio
783 3277 918 3360 quodam
942 3284 973 3342 et
999 3279 1133 3344 scientia
1159 3301 1254 3366 oppu-

189 3378 390 3464 egnationis‚
418 3378 505 3442 cuius
534 3379 580 3442 rei
601 3378 717 3444 fuerint
739 3380 800 3465 ipsi
821 3380 967 3464 imperiti.
1014 3401 1127 3465 errare,
1151 3383 1178 3448 si
1201 3384 1252 3466 qui

221 3484 254 3547 in
287 3482 370 3547 bello
399 3502 508 3546 omnes
539 3481 694 3548 secundos
722 3503 826 3548 rerum
855 3490 1026 3568 proventus
1056 3493 1251 3570 exspectent.

188 3585 282 3654 evibi
315 3603 486 3667 numquam
519 3585 675 3668 placuisse
707 3585 877 3652 Avaricum
911 3585 1053 3672 defendi,
1087 3589 1176 3654 cuius
1208 3589 1251 3654 rei

221 3693 318 3753 testes
339 3687 425 3770 ipsos
447 3687 587 3768 haberet,
611 3686 668 3752 sed
697 3687 815 3753 factum
844 3688 1055 3774 imprudentia
1076 3690 1252 3775 Biturigum

223 3798 253 3853 et
282 3790 380 3853 nimia
409 3788 616 3872 obsequentia
642 3789 839 3872 reliquorum,
869 3791 915 3855 uti
937 3791 997 3856 hoc
1018 3792 1249 3859 incommodum
