2936 4192
259 227 304 291 60
595 245 644 298 DE
662 244 778 299 BELLO
797 243 958 299 GALLICO

261 415 375 482 educat
401 422 432 481 et
458 415 500 480 ad
524 416 691 481 Caesarem
717 417 828 481 auxilii
850 415 973 482 ferendi
999 437 1095 482 causa
1116 415 1292 501 proficisca-

223 540 242 588 o
260 525 319 583 tur.
344 517 428 600 quod
441 518 496 584 ubi
511 517 653 583 auditum
668 525 724 600 est,
741 519 938 584 conclamant
953 539 1072 601 omnes,
1095 519 1300 602 occasionem¹

260 621 379 704 negotii
400 622 482 687 bene
496 621 627 705 gerendi
649 620 855 686 amittendam
876 641 941 686 non
963 641 1042 702 esse,
1065 621 1107 686 ad
1129 627 1233 687 castra
1253 622 1292 687 iri

224 729 412 808 coportere.
457 724 575 788 multae
597 743 646 788 res
668 723 792 788 adhoc
814 723 977 789 consilium
999 724 1105 789 Gallos
1126 724 1292 790 hortaban-

209 887 211 890 .
262 831 325 891 tur:
352 826 545 911 superiorum
572 826 692 906 dierum
714 825 825 892 Sabini
855 827 1021 908 cunctatio,
1048 825 1200 911 perfugae
1223 847 1292 892 con-

261 928 405 1011 firmatio,
432 929 539 1013 inopia
566 928 761 1010 cibariorum,
789 929 839 993 cui
861 929 906 994 rei
928 949 1040 1012 parum
1062 928 1228 1013 diligenter
1250 933 1291 996 ab

261 1031 300 1096 iis
323 1037 390 1096 erat
411 1031 581 1117 provisum,
604 1051 677 1114 spes
692 1030 835 1096 Venetici
857 1030 932 1097 belli
955 1036 986 1095 et
1002 1030 1086 1113 quod
1107 1031 1174 1096 iere
1195 1032 1292 1098 liben-

225 1141 309 1201 tter
330 1135 472 1200 homines
494 1133 537 1215 id,
560 1133 644 1216 quod
666 1134 784 1214 volunt,
807 1133 946 1198 credunt.
978 1133 1027 1199 his
1049 1136 1142 1201 rebus
1163 1135 1292 1200 adducti

261 1257 325 1302 non
347 1237 433 1322 prius
455 1235 666 1301 Viridovicem
688 1235 886 1318 reliquosque
908 1234 1005 1301 duces
1032 1255 1073 1301 ex
1096 1237 1227 1303 concilio
1250 1238 1293 1302 di-

262 1338 399 1421 mittunt,
430 1358 524 1420 quam
550 1340 591 1403 ab
619 1337 669 1404 his
695 1338 736 1403 sit
762 1357 955 1419 concessum,
982 1358 1071 1404 arma
1097 1340 1144 1404 uti
1167 1341 1293 1425 capiant

225 1447 294 1510 set
315 1439 358 1504 ad
380 1446 483 1506 castra
505 1439 705 1506 contendant.
752 1459 814 1521 qua
835 1459 869 1504 re
892 1459 1042 1506 concessa
1067 1441 1152 1524 laeti,
1179 1449 1213 1508 ut
1241 1464 1293 1508 ex·

261 1543 383 1628 plorata
408 1543 549 1624 victoria,
577 1542 742 1608 sarmentis
768 1542 975 1626 virgultisque
1002 1543 1148 1626 collectis,
1180 1546 1292 1628 quibus

262 1645 364 1712 fossas
385 1647 598 1710 Romanorum
620 1645 806 1730 compleant,
829 1644 872 1709 ad
894 1650 997 1710 castra
1018 1653 1162 1730 pergunt.

230 1771 243 1817 1
366 1749 455 1813 XIX.
493 1749 595 1814 Locus
617 1753 684 1812 erat
706 1753 877 1813 castrorum
900 1745 1002 1813 editus
1025 1750 1229 1832 etpaulatim
1250 1753 1291 1816 ab

263 1852 325 1917 imo
347 1851 476 1916 acclivis
499 1851 621 1916 circiter
643 1869 755 1935 passus
777 1850 870 1914 mille.
901 1848 964 1914 huc
985 1871 1100 1934 magno
1116 1871 1208 1917 cursu
1223 1873 1292 1918 con·

262 1953 439 2036 tenderunt,
466 1959 501 2018 ut
528 1974 623 2036 quam
649 1952 812 2017 minimum
830 1952 935 2036 ‘spatii
964 1952 1007 2016 ad
1035 1972 1070 2018 se
1100 1954 1292 2038 colligendos

262 2055 492 2138 armandosque
506 2057 656 2122 Romanis
671 2055 806 2136 daretur,
823 2055 1058 2138 exanimatique
1072 2066 1290 2140 pervenerunt.

132 2165 134 2170 ’
226 2159 400 2228 aSabinus
422 2179 494 2224 suos
515 2158 657 2224 hortatus
679 2157 877 2242 cupientibus
903 2157 1029 2241 signum
1055 2157 1119 2224 dat.
1164 2159 1292 2244 impedi·-

262 2261 304 2326 tis
335 2260 478 2326 hostibus
510 2266 637 2344 propter
670 2280 721 2340 ea,
757 2279 838 2341 quae
871 2259 1025 2342 ferebant,
1059 2280 1156 2326 onera
1189 2264 1292 2328 subito

228 2384 245 2432 s
264 2363 386 2429 duabus
407 2363 505 2447 portis
528 2362 721 2446 eruptionem
743 2361 811 2427 fieri
833 2362 928 2427 iubet.
974 2362 1093 2428 factum
1116 2369 1163 2429 est
1185 2385 1292 2448 oppor-

263 2465 397 2531 tunitate
430 2465 499 2548 loci,
534 2465 670 2531 hostium
704 2465 871 2530 inscientia
904 2484 942 2529 ac
970 2464 1205 2550 defatigatione,
1233 2468 1292 2532 vir·

263 2575 330 2634 tute
355 2568 489 2636 militum
516 2574 547 2633 et
574 2567 766 2652 superiorum
792 2587 969 2650 pugnarum
996 2569 1230 2651 exercitatione,
1257 2576 1293 2634 ut

263 2691 304 2736 nc
330 2691 428 2737 unum
455 2670 583 2754 quidem
605 2676 779 2735 nostrorum
806 2669 958 2754 impetum
984 2669 1103 2737 ferrent
1124 2691 1163 2736 ac
1186 2673 1302 2738 statim'

228 2781 353 2858 aterga
374 2779 541 2839 verterent.
587 2793 664 2856 quos
685 2768 852 2856 impeditos
878 2773 1009 2856 integris
1032 2773 1151 2840 viribus
1177 2775 1292 2840 milites

263 2877 360 2943 nostri
395 2876 553 2942 consecuti
586 2896 739 2966 magnum
769 2895 933 2940 numerum
963 2895 1069 2941 eorum
1095 2875 1290 2962 occiderunt,

262 2979 398 3061 reliquos
421 2979 541 3060 equites
564 2977 735 3044 consectati
749 2997 875 3060 paucos,
893 2978 946 3060 qui
961 2998 1002 3043 ex
1023 2979 1101 3062 fuga
1116 2987 1291 3061 evaserant,

227 3082 461 3163 oreliquerunt.
485 3080 531 3146 sic
544 3100 607 3145 uno
623 3069 762 3163 te'mpore
785 3086 815 3144 et
838 3079 877 3144 de
899 3080 1005 3144 navali
1026 3101 1134 3164 pugna
1156 3081 1292 3148 Sabinus

263 3181 356 3248 etde
379 3181 489 3248 Sabini
510 3182 642 3248 victoria
662 3183 777 3248 Caesar
800 3188 847 3246 est
870 3182 981 3246 certior
1003 3182 1113 3263 factus,
1138 3183 1292 3250 civitates·

228 3304 325 3368 sque
358 3304 466 3349 omnes
499 3303 534 3349 se
566 3285 672 3349 statim
694 3283 812 3348 Titurio
843 3284 1038 3349 dediderunt.
1084 3305 1159 3350 nam
1187 3291 1223 3350 ut
1251 3285 1292 3351 ad

263 3387 346 3454 bella
368 3386 568 3471 suscipienda
591 3387 749 3452 Gallorum
771 3387 876 3451 alacer
901 3405 939 3450 ac
964 3393 1126 3471 promptus
1154 3393 1202 3452 est
1227 3388 1292 3453 ani·

263 3510 342 3572 mus,
366 3489 410 3554 sic
432 3489 533 3555 mollis
554 3509 593 3554 ac
614 3489 743 3554 minime
772 3489 921 3554 resistens
942 3487 984 3552 ad
1008 3489 1204 3554 calamitates
1225 3508 1292 3574 per·

263 3591 416 3658 ferendas
433 3611 522 3656 mens
545 3612 651 3657 eorum
674 3598 729 3656 est.

232 3718 242 3765 ι
365 3694 438 3759 XX.
483 3693 602 3759 Eodem
632 3693 697 3758 fere
723 3700 863 3776 tempore
892 3691 1022 3758 Publius
1050 3694 1190 3774 Crassus,
1221 3712 1291 3768 cum

264 3797 296 3862 in
318 3796 522 3879 Aquitaniam
544 3794 749 3879 pervenisset,
773 3813 863 3876 quae,
886 3799 921 3859 ut
942 3800 1017 3859 ante
1040 3794 1158 3858 dictum
1181 3800 1236 3873 cst,
1261 3799 1290 3856 et
