2936 4192
537 199 643 255 OOMM.
656 199 679 254 1.
698 197 782 255 cAP.
795 200 906 257 V1-X.
1219 187 1241 250 5

205 375 443 468 deliberandum
465 379 675 456 sumpturum:
703 373 731 438 si
754 371 830 456 quid
853 372 979 458 vellent,
1006 373 1048 438 ad
1071 373 1116 438 Id.
1141 374 1238 456 April.

207 485 445 543 reverterentur.

310 580 397 644 VIII.
428 581 555 644 Interea
585 599 623 644 ea
656 579 794 664 legione,
829 599 923 662 quam
954 599 1062 644 secum
1092 578 1271 663 habebatur

208 683 430 765 militibusque,
457 682 512 764 qui
539 701 580 747 ex
607 681 771 766 provincia
798 689 1020 765 convenerant,
1047 703 1067 745 a
1092 682 1162 746 lacu
1184 682 1240 746 Le·

208 805 337 868 manne,
372 784 425 867 qui
453 784 487 849 in
516 784 633 848 flumen
664 783 852 848 Rhodanum
883 784 997 867 influit,
1031 784 1073 849 ad
1103 790 1239 848 montem

208 891 322 970 Iuram,
350 887 404 970 qui
425 886 505 952 fines
528 887 743 968 Sequanorum
765 887 805 951 ab
830 887 983 952 Helvetiis
1006 886 1127 970 dividit,
1155 887 1241 952 milia

208 1010 358 1074 passuum
380 988 490 1054 decem
512 1009 627 1053 novem
650 1009 773 1052 murum
796 990 828 1052 in
851 989 1048 1054 altitudinem
1063 988 1180 1072 pedum
1195 1009 1240 1054 se·

207 1093 311 1158 decim
333 1092 513 1174 fossamque
536 1091 696 1176 perducit
734 1112 771 1157 eo
799 1113 894 1176 opere
922 1092 1061 1176 perfeeto
1083 1091 1274 1176 praesidiaa

209 1197 360 1280 disponit,
391 1196 519 1260 castella
549 1196 732 1279 communit,
764 1216 825 1277 quo
855 1195 991 1279 facilius,
1022 1196 1050 1260 si
1078 1215 1113 1261 se
1142 1195 1240 1259 invito

209 1300 342 1364 transIre
365 1305 560 1380 conarentur,
583 1297 748 1380 prohibere
771 1298 878 1381 possit.
915 1297 968 1362 ubi
988 1317 1027 1362 ea
1046 1296 1123 1382 dies,
1147 1317 1274 1380 quams

209 1401 412 1466 constituerat
434 1419 504 1465 curn
527 1400 648 1482 legatis,
678 1401 773 1481 venit,
802 1406 833 1464 et
855 1400 952 1482 legati
978 1400 1020 1464 ad
1047 1420 1118 1465 eum
1141 1419 1241 1464 rever·

211 1512 323 1585 terunt,
351 1508 448 1586 negat
474 1522 508 1566 se
530 1522 616 1566 more
639 1508 671 1566 et
693 1503 838 1586 exemplo
862 1503 970 1586 populi
992 1503 1125 1568 Romani
1148 1522 1240 1586 posse

212 1608 270 1672 iter
283 1606 338 1670 ulli
357 1624 413 1688 per
432 1604 626 1688 provinciam
646 1603 730 1687 dare,
755 1611 795 1688 et,
818 1605 846 1670 si
866 1605 930 1669 vim
953 1604 1056 1668 facere
1079 1610 1238 1688 conentur,

214 1709 438 1793 prohibiturum
461 1706 607 1772 ostendit.
649 1707 796 1788 Helvetii,
820 1727 859 1772 ea
881 1727 938 1790 spe
960 1707 1081 1790 deiecti,
1105 1708 1273 1777 navibust

213 1813 325 1876 iunctis
346 1811 527 1893 ratibusque
550 1811 760 1894 compluribus
783 1810 883 1893 factis,
907 1811 960 1873 alii
979 1809 1070 1874 vadis
1084 1809 1239 1894 Rhodani,

212 1935 275 1997 qua
296 1914 425 1978 minima
443 1913 574 1978 altitudo
589 1912 726 1977 fluminis
745 1919 821 1997 erat,
844 1931 1079 1994 nonnumquam
1094 1911 1239 1995 interdiu,

213 2017 337 2100 saepius
352 2022 456 2097 noctu,
476 2016 503 2080 si
518 2035 720 2099 perrumpere
735 2021 873 2098 possent,
895 2015 1008 2098 conati,
1025 2015 1127 2098 operis
1142 2015 1240 2078 muni·

213 2120 297 2184 tione
313 2125 344 2183 et
363 2118 495 2182 militum
515 2137 666 2182 concursu
689 2123 720 2181 et
742 2118 812 2182 telis
834 2118 951 2201 repulsi
972 2117 1032 2181 hoc
1055 2123 1167 2180 conatu
1189 2115 1244 2182 de

212 2221 366 2287 stiterunt.

315 2323 371 2386 IX.
394 2323 640 2404 Relinquebatur
663 2343 726 2386 una
748 2343 806 2406 per
827 2323 990 2404 Sequanos
1014 2323 1079 2406 via,
1104 2343 1165 2404 qua
1187 2323 1240 2388 Se·
1260 2343 1272 2392 1

212 2427 325 2509 quanis
350 2425 457 2490 invitis
482 2431 610 2509 propter
635 2426 797 2506 angustias
825 2425 870 2489 ire
896 2445 960 2489 non
987 2431 1141 2508 poterant.
1191 2424 1273 2495 hisa

208 2530 285 2593 'cum
300 2548 358 2592 sua
371 2534 483 2612 sponte
498 2526 688 2610 persuadere
708 2547 771 2592 non
791 2534 929 2612 possent,
950 2528 1073 2610 legatos
1090 2527 1132 2591 ad
1145 2529 1240 2592 Dum·

214 2619 355 2714 norigem
376 2630 520 2695 Aeduum
543 2631 678 2712 mittunt,
705 2636 740 2694 ut
763 2650 799 2695 eo
823 2629 1024 2714 deprecatore
1044 2650 1065 2694 a
1086 2630 1240 2714 Sequanis

213 2735 424 2817 impetrarent.
462 2733 637 2798 Dumnorix
659 2733 760 2815 gratia
782 2740 814 2798 et
835 2733 1000 2816 largitione
1021 2731 1107 2816 apud
1126 2729 1240 2816 Sequa·
1258 2755 1273 2802 3

214 2856 271 2901 nos
293 2836 459 2919 plurimum
481 2840 604 2918 poterat
626 2841 658 2900 et
676 2835 831 2901 Helvetiis
854 2841 921 2899 erat
942 2835 1071 2919 amicus,
1094 2835 1178 2918 quod
1200 2855 1240 2900 ex

213 2959 253 3003 ea
282 2938 407 3002 civitate
435 2937 627 3020 Orgetorigis
654 2937 750 3002 filiam
776 2938 810 3002 in
839 2938 1070 3003 matrimonium
1097 2938 1239 3022 duxerat,

213 3049 246 3106 et
276 3041 445 3124 cupiditate
474 3041 564 3123 regni
593 3040 747 3106 adductus
780 3042 872 3107 novis
904 3043 997 3107 rebus
1031 3041 1177 3108 studebat
1210 3049 1241 3107 et

212 3143 478 3227 quamplurimas
502 3143 644 3208 civitates
670 3163 726 3208 suo
754 3145 907 3221 beneficio
933 3145 1051 3210 habere
1077 3145 1241 3212 obstrictas

192 3253 195 3258 '
214 3246 348 3310 volebat.
387 3246 492 3328 itaque
514 3265 581 3309 rem
603 3245 734 3330 suscipit
756 3253 787 3310 et
809 3268 830 3310 a
851 3248 1005 3330 Sequanis
1028 3249 1184 3333 impetrat,
1207 3255 1274 3318 uto

215 3367 271 3431 per
284 3347 364 3412 fines
379 3367 451 3412 suos
468 3348 627 3413 Helvetios
642 3348 687 3413 ire
702 3349 869 3434 patiantur,
890 3350 1078 3434 obsidesque
1097 3351 1142 3416 uti
1160 3352 1241 3430 inter

214 3469 284 3514 sese
311 3448 400 3532 dent,
431 3451 564 3534 perfioIt:
594 3451 745 3535 Sequani,
776 3473 817 3517 ne
843 3453 953 3518 itinere
983 3455 1144 3520 Helvetios
1174 3477 1240 3540 pro-

215 3551 353 3635 hibeant,
381 3553 527 3636 Helvetii,
555 3559 590 3618 ut
615 3554 683 3619 sine
706 3556 859 3621 maleficio
882 3563 914 3622 et
935 3557 1048 3622 iniuria
1070 3564 1238 3624 transeant.

316 3654 357 3717 X.
382 3654 508 3719 Caesari
527 3656 730 3740 renuntiatur,
753 3658 907 3724 Helvetiis
927 3679 997 3724 esse
1016 3659 1048 3724 in
1064 3661 1168 3724 animo
1184 3682 1240 3744 per
1260 3684 1270 3730 r
1370 3665 1372 3668 ’

216 3775 325 3837 agrum
348 3746 562 3836 Sequanorum
585 3763 616 3821 et
630 3757 808 3824 Aeduorum
830 3761 889 3824 iter
910 3761 943 3824 in
966 3761 1138 3827 Santonum
1161 3763 1239 3827 fines
