2936 4192
457 278 564 334 cond.
577 280 599 334 1.
618 280 700 336 ΟΑΡ.
714 283 984 338 XXXI-XXXIII.
1198 271 1236 334 19

134 481 135 484 ¹
203 449 432 536 fortunamque,
456 473 671 536 quaecumque
693 454 825 538 accidat,
854 457 1064 540 experiantur.
1110 457 1188 522 haec
1210 459 1236 524 si
1257 479 1289 527 ro

201 553 367 618 enuntiata
388 555 546 620 Ariovisto
569 557 640 640 sint,
664 577 727 622 non
750 557 903 643 dubitare,
932 560 1006 642 quin
1030 559 1069 624 de
1092 560 1236 626 omnibus

201 655 374 740 obsidibus,
406 657 459 739 qui
486 657 571 743 apud
599 679 670 724 eum
698 648 781 744 sint,
800 663 1020 745 gravissimum
1048 664 1234 747 supplicium

200 766 312 824 sumat.
367 761 534 826 Gaesarem
565 763 616 828 vel
650 763 834 828 auctoritate
868 784 924 830 sua
955 771 1050 848 atque
1081 767 1235 830 exercitus
1256 787 1286 835 re

202 863 252 926 vel
275 864 393 928 recenti
416 864 548 929 victoria
569 866 620 930 vel
643 866 770 930 nomine
793 868 900 952 populi
922 869 1056 933 Romani
1079 868 1235 934 deterrere

201 985 307 1050 posse,
341 986 383 1032 ne
416 968 514 1032 maior
548 968 713 1033 multitudo
744 969 968 1036 Germanorum
1000 971 1143 1036 Rhenum
1178 979 1236 1036 tra·

199 1069 341 1154 ducatur,
373 1069 569 1154 Galliamque
599 1091 724 1136 omnem
753 1072 795 1136 ab
822 1075 971 1139 Ariovisti
1002 1075 1114 1140 iniuria
1144 1095 1234 1159 posse

198 1173 381 1239 defendere.

303 1279 440 1342 XXXII.
465 1280 533 1344 Hac
560 1280 700 1345 oratione
726 1281 768 1345 ab
795 1281 952 1346 Divitiaco
979 1281 1089 1348 habita
1114 1301 1265 1365 omnes,1

199 1381 253 1464 qui
275 1381 417 1465 aderant,
441 1403 556 1467 magno
579 1383 654 1448 fletu
677 1383 828 1448 auxilium
848 1405 868 1448 a
888 1385 1023 1450 Caesare
1045 1391 1153 1470 petere
1168 1406 1234 1450 coe·

201 1491 323 1568 perant.
361 1484 584 1550 animadvertit
605 1487 720 1552 Caesar
742 1506 820 1552 unos
844 1507 884 1551 ex
907 1488 1052 1553 omnibus
1072 1489 1234 1571 Sequanos
1252 1510 1267 1556 a

200 1587 278 1652 nihil
294 1607 401 1653 earum
415 1609 518 1653 rerum
539 1589 653 1672 facere,
675 1610 753 1671 quas
772 1591 868 1654 ceteri
887 1591 1037 1673 facerent,
1058 1591 1115 1656 sed
1130 1592 1233 1658 tristes

198 1692 303 1775 capite
326 1691 461 1757 demisso
485 1698 599 1757 terram
622 1693 744 1756 intueri.
784 1692 850 1757 eius
869 1693 914 1756 rei
931 1714 1010 1775 quae
1027 1714 1121 1758 causa
1141 1701 1232 1777 esset,

200 1795 329 1859 miratus
352 1814 392 1858 ex
415 1795 491 1880 ipsis
515 1796 656 1878 quaesiit.
694 1795 772 1860 nihil
795 1797 932 1878 Sequani
955 1797 1153 1880 respondere,
1177 1797 1267 1862 seda

200 1899 230 1962 in
256 1899 365 1963 eadem
389 1899 515 1964 tristitia
536 1901 622 1963 taciti
646 1919 839 1984 permanere.
879 1920 949 1966 cum
971 1900 1012 1964 ab
1036 1899 1085 1965 his
1107 1900 1232 1983 saepius

198 2009 363 2085 quaereret
383 2023 486 2085 neque
509 2005 603 2067 ullam
627 2005 894 2070 omnino'vocemw
914 2004 1090 2088 exprimere
1116 2011 1231 2086 posset,

199 2107 282 2171 idem
305 2107 480 2172 Divitiacus
502 2107 630 2173 Aeduus
656 2107 830 2192 respondit:
859 2107 917 2172 hoo
945 2127 1014 2173 csse
1040 2107 1266 2174 miseriorema

197 2217 231 2274 et
263 2212 438 2294 graviorem
470 2211 627 2276 fortunam
657 2213 873 2294 Sequanorum
907 2233 1000 2294 quam
1035 2213 1231 2294 reliquorum,

198 2315 282 2397 quod
302 2315 359 2380 soli
378 2335 419 2380 ne
439 2315 471 2379 in
492 2316 612 2380 occulto
634 2315 760 2397 quidem
781 2317 869 2398 queri
889 2335 991 2398 neque
1010 2317 1161 2381 auxilium
1178 2317 1231 2380 im·

200 2419 320 2500 plorare
339 2417 492 2482 auderent
510 2418 713 2500 absentisque
728 2419 877 2484 Ariovisti
897 2419 1122 2502 crudelitatem,
1147 2420 1232 2484 velut

132 2560 135 2566 ,
197 2523 224 2586 si
241 2542 345 2587 eoram
360 2521 495 2605 adesset,
515 2521 686 2606 horrerent,
707 2530 871 2607 propterea
887 2523 969 2604 quod
984 2523 1111 2604 reliquis
1126 2531 1231 2588 tamen
1249 2545 1264 2590 o

155 2609 159 2617 ⁵
198 2615 293 2709 fugae
312 2625 446 2690 facultas
466 2625 600 2710 daretur,
622 2627 776 2708 Sequanis
792 2647 876 2710 vero,
898 2627 950 2708 qui
966 2628 1048 2690 intra
1062 2626 1141 2689 fines
1160 2646 1231 2690 suos

197 2729 389 2794 Ariovistum
405 2730 606 2814 recepissent,
629 2750 758 2812 quorum
774 2730 890 2814 oppida
904 2730 1010 2794 omnia
1028 2729 1061 2793 in
1077 2735 1230 2812 potestate

196 2835 265 2898 eius
288 2840 402 2917 essent,
426 2853 534 2899 omnes
558 2835 711 2899 eruciatus
735 2841 839 2899 essent
862 2833 1048 2918 perferendi.

300 2937 454 3001 XXXIII.
478 2937 536 3002 His
562 2936 656 3001 rebus
683 2937 817 3020 cognitis
841 2937 957 3002 Caesar
981 2937 1140 3002 Gallorum
1166 2938 1261 3004 ani-1

198 3059 265 3105 mos
291 3039 397 3106 verbis
425 3040 621 3105 confirmavit
648 3041 864 3124 pollicitusque
887 3047 947 3123 est,
979 3039 1039 3104 sibi
1067 3060 1137 3104 eam
1164 3060 1230 3104 rem

195 3127 290 3210 curae
317 3144 467 3210 futuram:
499 3165 647 3228 magnam
678 3165 712 3209 se
742 3144 859 3209 habere
889 3164 987 3227 spem,
1020 3150 1051 3208 et
1078 3142 1229 3208 beneficio

195 3267 253 3312 suo
284 3254 316 3312 et
345 3250 528 3313 auctoritate
562 3247 731 3312 adductum
761 3247 953 3312 Ariovistum
984 3247 1080 3312 finem
1110 3245 1230 3310 iniuriis

196 3349 360 3416 facturum.
399 3351 459 3416 hac
481 3352 621 3416 oratione
643 3350 752 3414 habita
774 3350 939 3414 concilium
963 3350 1088 3416 dimisit.
1132 3355 1163 3414 et
1185 3369 1263 3414 sca

196 3453 334 3519 cundum
358 3475 396 3520 ea
418 3456 535 3519 multae
557 3473 607 3519 res
630 3473 701 3518 eum
723 3453 936 3536 hortabantur,
961 3473 1057 3535 quare
1080 3454 1140 3518 sibi
1160 3473 1229 3517 eam

197 3578 262 3622 rem
283 3557 483 3642 cogitandam
507 3564 538 3622 et
561 3555 790 3641 suscipiendam
814 3563 947 3641 putaret,
971 3558 1122 3640 inprimis,
1147 3555 1229 3638 quod

198 3661 333 3745 Aeduos,
360 3661 473 3727 fratres
495 3661 806 3744 consanguineosque
829 3679 1054 3744 saepenumero
1076 3681 1096 3723 a
1118 3668 1227 3725 senatu

196 3766 380 3849 appellatos,
408 3765 441 3829 in
464 3766 612 3830 servitute
634 3769 729 3845 atque
752 3764 784 3826 in
808 3762 929 3826 dicione
952 3761 1081 3826 videbat
1103 3763 1227 3826 Germa-

196 3888 306 3932 norum
326 3869 436 3950 teneri,
461 3887 627 3947 eorumque
646 3865 772 3930 obsides
793 3885 861 3928 esse
880 3864 964 3946 apud
979 3865 1170 3927 Ariovistum
1189 3885 1227 3928 ac

1039 3965 1071 4014 2*
