2936 4192
401 224 509 278 sonu.
521 199 573 279 111.
592 226 674 280 cnr.
688 227 914 282 xxm-xxvi.
1128 220 1168 276 os

243 397 360 460 XXIV.
405 396 511 461 Prima
539 397 608 462 luce
636 397 795 482 productis
821 398 966 466 omnibus
997 399 1094 484 copiis
1116 399 1201 467 dur

139 498 213 583 plici
241 499 309 563 acie
336 499 488 580 instituta,
515 499 642 566 auxiliis
668 500 701 564 in
728 499 864 566 mediam
886 501 986 566 aciem
1011 502 1169 584 coniectis,

138 601 216 685 quid
250 601 356 667 hostes
398 602 517 667 consilii
559 609 720 686 caperent,
760 606 973 687 exspectabat.
1018 607 1077 686 illi,
1112 605 1204 672 etsin

140 711 267 789 propter
289 703 518 769 multitudinem
536 711 567 770 et
581 711 719 770 veterem
734 706 808 771 belli
823 706 953 789 gloriam
969 710 1171 792 paucitatem-

139 827 201 890 que
224 813 399 871 nostromm
423 827 457 872 se
479 814 546 894 tuto
573 807 774 872 dimicaturos
802 809 1036 890 existimabant,
1064 817 1170 874 tamen

140 909 237 974 tutius
261 928 330 974 esse
352 909 594 990 arbitrabantur,
617 911 754 975 obsessis
783 911 844 976 viis
874 919 1048 976 commeatu
1078 913 1171 976 inter-

141 1013 226 1077 cluso
249 1011 317 1077 sine
340 1011 401 1075 ullo
424 1011 553 1076 vulnere
576 1013 706 1076 victoria
731 1013 825 1096 potiri
852 1020 893 1094 et,
921 1015 947 1078 si
974 1021 1100 1098 propter
1126 1014 1204 1080 ina

140 1115 244 1198 opiam
274 1114 320 1178 rei
350 1113 572 1179 frumentariae
602 1115 770 1180 infirmiore
799 1117 905 1180 animo
935 1117 1068 1181 Romani
1102 1129 1171 1180 sese

141 1218 280 1302 recipere
303 1217 489 1300 coepissent,
512 1217 679 1301 impeditos
701 1219 733 1282 in
756 1219 883 1302 agmine
906 1225 937 1283 et
960 1219 1017 1283 sub
1041 1217 1171 1284 sarcinis

139 1319 256 1384 adoriri
293 1319 482 1402 cogitabant.
533 1319 592 1384 hoc
626 1321 753 1385 consilio
790 1321 921 1403 probato
954 1322 995 1385 ab
1029 1320 1204 1401 ducibus,r

142 1421 301 1506 productis
323 1423 535 1485 Romanorum
559 1423 655 1506 copiis
678 1443 747 1488 sese
770 1423 879 1488 castris
907 1423 1066 1488 tenebant.
1112 1423 1205 1490 hacc

142 1544 176 1590 re
197 1530 364 1608 perspecta
379 1524 519 1604 Crassus,
543 1544 612 1588 curn
629 1545 686 1588 sua
701 1526 900 1590 cunctatione
915 1533 1010 1608 atque
1025 1525 1172 1608 opinione

142 1626 262 1691 timoris
289 1625 395 1690 hostes
422 1632 543 1692 nostros
570 1627 684 1692 milites
711 1627 877 1693 alacriores
898 1627 939 1691 ad
966 1626 1171 1712 pugnandum

141 1729 331 1809 effecissent,
361 1735 455 1811 atque
484 1729 622 1793 omniurn
652 1748 745 1794 voces
774 1728 965 1809 audirentur,
996 1729 1171 1812 exspectari

14 1909 15 1912 Ἴ
141 1831 259 1896 diutius
289 1851 353 1895 non
382 1838 533 1914 oportere,
564 1832 639 1913 quin
669 1830 710 1894 ad
733 1837 835 1895 castra
864 1832 969 1911 iretur,
994 1830 1172 1894 cohortatus

143 1954 215 1999 suos
245 1934 390 1999 omnibus
421 1934 617 2017 cupientibus
643 1933 684 1997 ad
714 1933 848 1998 hostium
877 1940 978 1999 castra
1001 1931 1170 1998 contendit.

245 2036 347 2100 XXV.
392 2036 441 2100 Ibi
472 2056 542 2100 cum
572 2036 625 2100 alii
655 2036 756 2101 fossas
787 2037 987 2120 complerent,
1017 2036 1069 2100 alii
1096 2036 1203 2102 mul-1

142 2140 183 2204 tis
212 2139 283 2203 telis
314 2138 463 2203 coniectis
491 2137 672 2204 defensores
695 2140 776 2204 vallo
807 2139 1094 2221 munitionibusque
1122 2137 1173 2202 de-

142 2241 295 2327 pellerent
317 2240 558 2322 auxiliaresque,
583 2242 695 2323 quibus
717 2241 759 2305 ad
785 2262 925 2326 pugnam
951 2262 1015 2306 non
1042 2241 1172 2305 multum

143 2345 275 2409 Crassus
298 2341 484 2422 confidebat,
507 2342 664 2426 lapidibus
686 2345 820 2427 telisque
843 2344 1118 2410 subministrandis
1142 2350 1173 2408 et

141 2445 184 2510 ad
206 2465 356 2530 aggerem
376 2445 566 2527 caespitibus
583 2445 813 2529 comportandis
835 2447 972 2530 speciem
994 2453 1089 2528 atque
1111 2446 1174 2529 opi-

143 2549 270 2614 nionem
299 2547 507 2631 pugnantium
537 2549 732 2630 praeberent,
764 2569 834 2612 oum
863 2548 938 2613 item
961 2550 1001 2613 ab
1031 2548 1174 2612 hostibus

142 2655 323 2715 constanter
345 2668 462 2712 aenon
484 2648 594 2713 timide
616 2657 809 2734 pugnaretur
823 2651 949 2732 telaque
973 2669 1013 2713 ex
1035 2651 1102 2713 loco
1126 2669 1173 2713 su-

144 2753 266 2836 periore
295 2752 392 2816 missa
421 2771 484 2815 non
514 2750 629 2816 frustra
650 2752 837 2833 acciderent,
862 2752 982 2834 equites
1006 2751 1206 2818 circumitisn

144 2855 279 2920 hostium
307 2854 417 2919 castris
446 2853 557 2920 crasso
579 2855 847 2936 renuntiaverunt,
878 2874 941 2919 non
965 2852 1074 2919 eadem
1105 2872 1174 2918 esse

143 2957 309 3040 diligentia
338 2958 378 3021 ab
409 2955 584 3021 decumana
609 2964 699 3040 porta
722 2965 824 3023 castra
845 2957 966 3022 munita
988 2956 1174 3038 facilemque

144 3059 264 3124 aditum
286 3059 413 3124 habere.

247 3163 366 3228 XXVI.
413 3163 542 3228 Crassus
566 3164 704 3245 equitum
726 3163 902 3247 praefectos
925 3161 1112 3242 cohortatus,
1140 3166 1174 3225 ut
1194 3182 1206 3228 1

145 3266 269 3349 magnis
291 3265 438 3349 praemiis
452 3265 790 3350 pollicitationibusque
805 3285 877 3330 suos
893 3264 1076 3344 excitarent,
1100 3262 1175 3345 quid

145 3368 212 3432 fieri
234 3368 320 3448 velit,
348 3367 494 3432 ostendit.
539 3367 594 3448 illi,
617 3373 651 3431 ut
679 3373 745 3432 erat
771 3367 966 3451 imperatum,
995 3365 1114 3431 eductis
1136 3366 1208 3433 iisn

147 3471 335 3550 cohortibus,
359 3490 439 3552 quae
462 3469 618 3554 praesidio
642 3469 751 3534 castris
773 3469 900 3534 relictae
922 3469 1048 3533 intritae
1070 3468 1111 3532 ab
1134 3469 1175 3532 la·

147 3573 222 3637 bore
252 3578 350 3653 erant,
381 3579 412 3636 et
441 3572 581 3654 longiore
610 3572 722 3636 itinere
745 3571 973 3652 circumductis,
997 3590 1037 3635 ne
1060 3590 1100 3634 ex
1123 3569 1175 3633 ho-

147 3676 240 3740 stium
264 3675 374 3740 eastris
397 3674 534 3758 conspici
557 3681 694 3757 possent,
718 3674 855 3738 omnium
883 3673 980 3738 oculis
1006 3671 1175 3736 mentibus·

148 3795 208 3859 que
230 3777 272 3842 ad
294 3797 434 3862 pugnam
456 3777 585 3842 intentis
609 3777 749 3841 celeriter
771 3775 813 3839 ad
836 3795 898 3857 eas,
927 3794 1004 3857 quas
1027 3773 1173 3854 diximus,
1192 3793 1207 3840 a
