2966 4196
413 247 520 304 cortu.
532 248 568 304 V.
587 248 669 303 CAP.
682 249 914 304 XLIII—XLVI.
1119 233 1178 297 107

144 421 230 486 hunc
252 421 347 486 scutis
368 428 547 506 protegunt,
573 423 607 486 in
629 421 752 487 hostem
774 423 837 486 tela
859 422 999 490 universi
1022 423 1180 489 coniciunt

144 544 249 609 neque
268 523 348 588 dant
368 523 571 608 regrediendi
597 525 790 590 facultatem.
835 525 1030 610 transfigitur
1057 532 1215 593 scutumr

144 628 268 692 Pulloni
291 634 323 692 et
337 634 481 692 verutum
502 628 536 692 in
558 629 662 692 balteo
685 627 840 712 defigitur.
875 629 991 694 avertit
1013 629 1065 694 hic
1088 648 1216 697 casuss

145 731 295 813 vaginam
325 738 357 795 et
385 731 525 815 gladium
556 731 690 796 educere
720 732 847 797 conanti
874 731 1019 798 dextram
1042 739 1179 798 moratur

146 854 287 918 manum,
321 833 569 920 impeditumque
602 835 709 900 hostes
743 836 983 902 circumsistunt.
1029 837 1214 903 succurrite

144 937 290 1003 inimicus
311 938 356 1002 illi
378 939 521 1004 Vorenus
543 945 574 1004 et
595 939 751 1004 laboranti
774 939 929 1004 subvenit.
974 938 1122 1004 adhunc
1144 959 1179 1004 se
1199 961 1234 1008 ro

146 1040 312 1106 confestim
345 1062 366 1106 a
398 1041 529 1106 Pulione
562 1041 664 1107 omnis
694 1041 859 1107 multitudo
889 1043 1056 1127 convertit5
1090 1043 1179 1107 illum

145 1152 255 1210 veruto
277 1145 467 1210 arbitrantur
490 1146 636 1210 occisum.
680 1144 787 1230 gladio
810 1147 984 1211 comminus
1007 1165 1074 1211 rem
1096 1146 1178 1230 gerit
1197 1167 1228 1215 rt

145 1249 288 1313 Vorenus
310 1255 404 1330 atquc
426 1268 489 1313 uno
515 1248 680 1314 interfecto
701 1248 838 1330 reliquos
863 1250 992 1334 paulum
1018 1250 1177 1334 propellit;

145 1350 221 1415 dum
237 1351 380 1436 cupidius
401 1351 507 1435 instat,
530 1352 563 1416 in
583 1353 685 1416 locum
701 1351 823 1417 delatus
837 1352 1016 1437 inferiorem
1032 1351 1176 1418 concidit.
1198 1373 1232 1422 12

145 1454 218 1519 huic
240 1474 345 1520 nuens
367 1454 580 1520 circumvento
594 1455 656 1519 fert
671 1454 845 1520 subsidium
859 1455 959 1539 Pulio,
975 1462 1070 1538 atque
1084 1458 1178 1522 ambo
1197 1477 1231 1524 ra

144 1557 317 1624 incolumes
332 1558 543 1642 compluribus
561 1557 734 1624 interfectis
756 1577 878 1623 summa
900 1579 971 1624 cum
993 1559 1086 1624 bade
1108 1579 1178 1625 sese

144 1661 228 1726 intra
249 1661 438 1727 munitiones
459 1662 623 1746 recipiunt.
655 1661 700 1726 sic
722 1661 848 1726 fortuna
869 1663 902 1726 in
925 1662 1124 1727 contentione
1146 1668 1178 1727 et
1197 1683 1231 1732 ra

145 1765 317 1830 certamine
350 1771 516 1848 utrumque
546 1765 698 1847 versavit,
733 1771 767 1828 ut
799 1765 879 1829 alter
911 1765 1001 1829 alteri
1031 1765 1178 1830 inimicus

144 1869 262 1933 auxilio
284 1869 439 1952 salutique
462 1875 554 1952 esset,
578 1887 681 1950 neque
701 1867 865 1932 diiudicari
887 1878 1002 1952 posset,
1025 1878 1094 1932 uter
1115 1868 1177 1932 utri

145 1971 261 2036 virtute
283 1971 508 2036 anteferendus
530 1971 697 2036 videretur.

246 2075 343 2140 XLV.
389 2074 514 2152 Quanto
537 2075 660 2139 eratin
682 2074 751 2140 dies
773 2075 899 2158 gravior
920 2081 1016 2157 atque
1037 2074 1177 2160 asperior
1195 2095 1208 2142 r

143 2179 345 2263 oppugnatio,
369 2185 401 2243 et
422 2178 561 2244 maxime
585 2177 668 2260 quod
689 2199 807 2262 magna
828 2185 918 2263 parte
946 2177 1080 2242 militum
1107 2197 1177 2244 con·

143 2281 228 2347 fecta
249 2282 432 2348 vulneribus
454 2302 504 2348 res
526 2281 568 2347 ad
589 2282 782 2366 paucitatem
805 2281 1005 2348 defensorum
1027 2301 1177 2366 pervere

143 2391 201 2469 rat,
224 2392 312 2451 tanto
328 2385 499 2451 crebriores
520 2386 644 2450 litterae
666 2385 832 2468 nuntiique
853 2385 895 2450 ad
919 2385 1087 2452 Caesarem
1109 2384 1177 2449 mit·

143 2489 303 2574 tebantm;
320 2509 451 2571 quorum
465 2509 540 2572 pars
554 2488 753 2573 deprehensa
767 2489 800 2553 in
817 2495 986 2574 conspectu
1001 2495 1177 2554 nostmrum

143 2593 276 2657 militum
299 2613 370 2658 cum
392 2593 530 2658 cruciatu
544 2593 726 2657 necabatur.
757 2599 824 2657 erat
838 2611 919 2657 unus
940 2592 1025 2657 intus
1040 2591 1176 2656 Nervius
1194 2609 1213 2658 a

143 2696 269 2761 nomine
291 2696 426 2776 Vertico,
452 2695 520 2760 loco
547 2701 640 2760 natus
666 2695 807 2776 honesto,
838 2695 891 2777 qui
920 2715 941 2759 a
969 2695 1072 2778 prima
1097 2693 1177 2758 obsi·

81 2859 82 2864 ,
143 2798 236 2864 dione
268 2798 310 2864 ad
338 2799 521 2865 Ciceronem
553 2798 735 2882 perfugerat
769 2815 986 2879 summamque
1020 2797 1049 2861 ei
1079 2794 1176 2860 fidem

142 2902 349 2986 praestiterat.
394 2901 447 2967 hic
469 2921 560 2968 servo
583 2921 640 2986 spe
662 2901 816 2968 libertatis
843 2899 1029 2984 magnisque
1051 2918 1212 2982 persua-a

142 3004 196 3069 det
221 3005 378 3090 praemiis,
406 3011 441 3070 ut
466 3005 589 3071 litteras
610 3003 653 3070 ad
676 3005 844 3071 Caesarem
867 3002 997 3068 deferat.
1043 3001 1211 3069 basillae

141 3107 175 3171 in
197 3108 299 3173 iaculo
320 3109 460 3192 illigatas
483 3109 573 3172 effert
595 3115 627 3172 et
650 3107 757 3172 Gallus
779 3107 862 3172 inter
885 3105 991 3171 Gallos
1018 3104 1087 3170 sine
1112 3104 1177 3169 ulla

141 3211 320 3295 suspicione
346 3217 490 3276 versatus
520 3210 562 3276 ad
593 3211 762 3277 Caesarem
791 3207 945 3293 pervenit.
990 3209 1031 3274 ab
1066 3227 1103 3272 eo
1136 3206 1212 3276 des

141 3314 287 3398 periculis
311 3315 469 3381 Ciceronis
490 3313 687 3398 legionisque
710 3311 915 3396 cognoscitur.

244 3418 357 3482 XLVI.
404 3417 520 3483 Caesar
542 3415 681 3500 acceptis
702 3415 815 3480 litteris
837 3414 915 3480 hora
938 3415 1060 3480 circiter
1081 3413 1208 3482 under

141 3521 223 3586 cima
244 3519 308 3584 diei
331 3520 437 3586 statim
464 3519 608 3584 nuntium
634 3519 668 3583 in
690 3519 875 3584 Bellovacos
896 3517 938 3582 ad
960 3518 1005 3582 M.
1030 3518 1176 3584 Crassum

142 3630 339 3708 quaestorem
369 3623 478 3706 mittit,
511 3622 599 3688 cuius
630 3621 764 3688 hiberna
789 3622 922 3687 aberant
952 3622 992 3685 ab
1024 3639 1060 3685 eo
1090 3619 1177 3683 milia

141 3747 290 3812 passuum
319 3727 427 3810 XXV;
457 3725 546 3790 iubet
575 3725 681 3790 media
710 3731 802 3790 nocte
831 3725 989 3809 legionem
1021 3722 1213 3807 proficiscia

141 3831 345 3912 celeriterque
379 3829 420 3893 ad
453 3847 488 3894 se
517 3829 634 3892 venire.
687 3829 753 3892 exit
787 3847 858 3892 cum
891 3825 1000 3890 nuntio
1035 3825 1173 3891 Crassus.
