2966 4196
379 305 486 360 cond.
498 305 564 361 VII.
583 307 666 362 CAP.
679 307 943 362 XXXVIII-XLI.
1116 290 1177 355 159

142 479 232 543 nulla
253 477 438 562 interposita
461 477 656 543 dubitatione
678 478 819 563 legiones
841 479 1010 564 expeditas
1032 486 1178 564 quattuor

142 581 381 664 equitatumque
403 599 528 645 omnem
551 600 593 646 cx
615 581 725 647 castris
748 580 861 648 educit.
892 602 953 649 nec
967 583 1027 648 fuit
1042 583 1177 667 spatium
1195 603 1211 651 a

145 683 201 748 tali
223 688 363 767 tempore
385 681 427 747 ad
450 682 666 748 contrahenda
688 690 799 768 castra,
831 684 915 768 quod
945 686 1122 771 resposita
1143 685 1177 750 in

140 786 304 852 celeritate
326 784 506 870 videbatur3
530 786 644 852 Gaium
666 787 800 852 Fabium
822 788 961 871 legatum
985 809 1055 852 cum
1082 788 1210 873 legio-s

120 889 238 981 „nibus
272 887 394 953 duabus
423 889 534 954 castris
563 888 719 973 praesidio
752 890 908 973 relinquit.
955 891 1068 957 fratres
1093 893 1176 958 Lita-

140 991 224 1080 vicci
247 1011 317 1056 curn
342 990 564 1075 comprehendi
586 991 738 1075 iussisset,
768 993 863 1078 paulo
885 999 960 1059 ante
989 995 1105 1079 reperit
1133 996 1176 1060 ad

142 1093 250 1160 bostcs
272 1093 400 1177 fugisse.
423 1092 608 1159 adhortatus
630 1095 755 1176 milites,
778 1115 819 1160 ne
841 1097 1019 1162 necessario
1034 1104 1208 1183 temporeo

139 1196 265 1262 itineris
294 1196 401 1260 labore
430 1204 682 1281 permoveantur,
707 1198 918 1282 cupidissimis
940 1199 1086 1266 omnibus
1107 1221 1174 1285 pro·

137 1319 269 1384 gressus
290 1299 377 1364 milia
398 1319 548 1383 passuum
569 1300 671 1383 XXV,
701 1321 818 1384 agmen
845 1301 1026 1368 Aeduorum
1056 1303 1174 1389 conspi-

138 1409 232 1468 catus
253 1401 393 1467 immisso
416 1401 557 1484 equitatu
579 1401 639 1467 iter
661 1422 767 1468 eorum
790 1410 929 1469 moratur
957 1412 1052 1488 atque
1078 1406 1174 1491 impe

29 1537 31 1542 ·
137 1505 189 1569 dit
221 1503 444 1586 interdicitque
476 1505 636 1589 omnibus,
672 1525 713 1570 ne
750 1526 940 1589 quemquam
973 1507 1172 1573 interficiant.

140 1607 386 1692 Eporedorigem
402 1613 433 1672 et
448 1607 688 1692 Viridomarum,
713 1629 790 1691 quos
812 1609 857 1674 illi
872 1609 1053 1676 interfectos
1068 1611 1172 1676 existi·
1191 1632 1205 1679 s

138 1712 280 1791 mebant,
309 1709 391 1775 inter
426 1710 548 1793 equites
574 1710 693 1776 versari
723 1731 857 1794 suosque
885 1713 1046 1796 appellare
1075 1713 1170 1778 iubet.

141 1813 191 1879 bis
213 1812 347 1897 cognitis
370 1818 401 1878 et
422 1813 575 1878 Litavicci
597 1811 709 1878 fraude
738 1820 905 1898 perspecta
925 1813 1029 1879 Aedui
1058 1835 1203 1884 manusc

137 1915 279 2001 tendere,
303 1914 495 1981 deditionem
517 1915 695 2000 significare
717 1922 749 1980 et
770 1917 917 2000 proiectis
931 1917 1026 1982 armis
1041 1923 1172 1983 mortem

136 2018 301 2104 deprecari
323 2018 487 2102 incipiunt.
525 2019 705 2084 Litaviccus
727 2039 797 2083 cum
820 2019 885 2086 suis
907 2019 1083 2104 clientibus,
1107 2021 1204 2104 qui-t

139 2125 200 2190 bns
222 2141 307 2188 more
331 2121 490 2187 Gallorum
512 2121 603 2187 nefas
626 2127 673 2187 est
696 2121 791 2187 otiam
816 2122 849 2186 in
873 2128 1016 2188 extrema
1045 2123 1171 2188 fortuna

135 2225 283 2292 descrere
305 2231 463 2310 patronos,
487 2225 677 2310 Gergoviam
698 2225 845 2310 profugit.

241 2329 325 2393 XLI.
372 2328 488 2396 Caesar
509 2328 628 2394 nuntiis
649 2327 692 2393 ad
713 2328 875 2394 civitatem
896 2327 1077 2395 Aeduorum
1098 2329 1202 2399 misr

134 2431 192 2512 sis,
227 2431 280 2514 qui
309 2451 366 2496 suo
394 2431 548 2497 beneficio
578 2438 778 2498 conservatos
809 2431 967 2514 docerent,
997 2452 1075 2515 quos
1103 2433 1171 2498 iure

121 2518 213 2600 'belli
242 2533 418 2600 interficere
447 2534 610 2618 potuisset,
641 2533 803 2617 tribusque
832 2533 917 2600 horis
947 2534 1099 2599 exercitui
1128 2533 1170 2599 ad
1260 2569 1262 2574 ,

135 2637 277 2719 quietem
299 2635 381 2702 datis
404 2642 507 2702 castra
535 2635 577 2701 ad
600 2635 789 2720 Gergoviam
819 2636 925 2701 movit.
971 2635 1074 2701 medio
1102 2635 1202 2704 feren

137 2739 251 2804 itinere
280 2739 402 2822 equites
425 2744 452 2804 'a
480 2739 580 2805 Fabio
610 2738 707 2822 missi,
743 2744 859 2820 quanto
888 2757 939 2803 res
968 2737 1002 2802 in
1031 2739 1168 2822 periculo

136 2843 241 2927 fuerit,
270 2849 442 2928 exponunt.
488 2842 618 2908 summis
647 2841 745 2926 copiis
775 2847 877 2906 castra
905 2848 1088 2925 oppugnata
1117 2840 1169 2906 dc-

138 2950 324 3029 monstrant,
355 2965 426 3010 cum
456 2944 565 3010 crebro
593 2944 709 3028 integri
736 2943 869 3008 defessis
891 2943 1095 3008 succederent
1116 2963 1168 3008 no·

134 3054 281 3131 strosquc
303 3046 431 3114 assiduo
452 3047 560 3113 labore
582 3045 802 3130 defatigarent,
826 3045 939 3129 quibus
958 3051 1085 3130 propter
1106 3066 1169 3110 ma-

133 3149 335 3234 gnitudinem
368 3155 540 3216 castrorum
573 3155 725 3234 perpetuo
759 3154 842 3214 esset
874 3146 986 3214 iisdem
1019 3149 1052 3212 iu
1086 3149 1168 3214 vallo

136 3251 395 3338 permanendum.
440 3250 641 3318 multitudine
662 3251 846 3335 sagittarum
876 3257 971 3333 atque
993 3252 1094 3317 omnis
1116 3271 1200 3335 ges

134 3356 221 3422 neris
243 3356 375 3421 telorum
396 3355 510 3421 multos
525 3354 719 3439 vulneratos;
741 3352 784 3418 ad
805 3353 884 3419 baec
907 3353 1090 3420 sustinenda
1105 3376 1167 3420 ma·

131 3479 200 3544 gno
221 3459 291 3524 usui
313 3458 411 3524 fuisse
426 3463 589 3524 tormenta.
620 3456 754 3522 Fabium
769 3455 909 3522 discessu
925 3476 1030 3522 eorum
1045 3457 1167 3522 duabus
1185 3479 1200 3526 r

136 3561 253 3627 relictis
275 3561 373 3645 portis
395 3561 557 3626 obstruere
580 3565 700 3624 ceteras
730 3559 915 3643 pluteosque
937 3559 1020 3623 vallo
1048 3558 1165 3625 addere

132 3670 169 3730 et
191 3683 225 3730 so
247 3663 280 3728 in
303 3669 462 3747 posterum
484 3661 568 3727 diem
590 3661 786 3743 similemque
809 3680 916 3726 casnm
930 3681 1093 3745 apparare.
1117 3660 1199 3730 hiso

137 3766 231 3832 rebus
254 3765 389 3851 cognitis
412 3765 528 3831 Caesar
551 3784 672 3830 summo
687 3761 791 3830 studio
813 3763 946 3830 militum
968 3769 1042 3829 ante
1065 3770 1166 3830 ortum

131 3870 211 3935 solis
233 3869 265 3935 in
289 3875 391 3934 castra
413 3867 566 3952 pervenit.
