2966 4196
262 197 323 262 128
592 213 642 266 ΒΕ
659 213 775 268 BELLO
793 211 955 268 GALLIGO

258 387 346 452 nasci
377 393 509 468 constat,
541 405 623 468 quae
652 384 781 466 reliquis
802 385 836 450 in
858 385 935 450 loeis
957 383 1027 449 visa
1048 404 1113 450 non
1142 384 1219 470 sint;
1250 405 1290 450 ex

258 489 373 571 quibus
403 509 485 571 quae
514 488 654 553 maxime
683 486 832 552 differant
861 486 903 551 ab
934 487 1045 552 ceteris
1069 492 1101 552 et
1121 487 1291 552 memoriae

257 591 421 678 prodenda
443 591 621 672 videantur,
644 589 725 655 haec
747 596 828 657 sunt-

226 717 238 762 1
360 695 479 760 XXVI.
509 695 567 759 Est
587 693 753 760 bos-cervi
774 693 885 778 figura,
909 693 997 759 euius
1019 713 1040 757 a
1061 693 1167 758 media
1188 684 1292 759 fronte

257 798 340 864 inter
368 817 461 864 aures
489 818 588 862 unum
618 816 715 862 cornu
738 797 862 863 exsistit
884 797 1039 861 excelsius
1061 796 1226 880 magisque
1248 795 1292 860 di-

225 907 378 969 erectum
410 900 470 982 his,
505 920 587 984 quae
616 900 708 966 nobis
737 905 814 965 nota
842 906 925 981 sunt,
959 901 1118 985 cornibus;
1152 902 1193 966 ab
1224 901 1292 965 eius

225 1024 379 1072 asummo
402 1004 483 1070 sicut
503 1005 629 1088 palmae
650 1003 792 1086 ramique
820 1003 885 1068 late
907 1002 1134 1068 diffunduntur.
1180 1003 1292 1069 eadem

259 1113 306 1170 est
328 1106 466 1171 feminae
480 1106 639 1188 marisque
657 1110 780 1186 natura,
804 1105 915 1171 eadem
930 1105 1031 1171 forma
1045 1106 1293 1190 magnitudoque

260 1229 420 1273 cornuum.
453 1213 455 1216 ’

226 1332 238 1382 1
361 1311 497 1375 XXVII.
528 1311 609 1378 Sunt
629 1310 716 1392 item,
739 1330 822 1392 quae
842 1312 1042 1396 appellantur·
1063 1313 1157 1378 alces.
1181 1312 1292 1378 harum

260 1420 308 1480 est
330 1413 500 1479 consimilis
524 1413 626 1498 capris
647 1413 750 1496 figura
773 1419 804 1478 et
825 1415 963 1480 varietas
984 1415 1123 1499 pellium,
1151 1415 1207 1480 sed
1229 1436 1293 1480 ma

259 1515 425 1600 gnitudine
446 1517 540 1602 paulo
561 1516 754 1582 antecedunt
783 1517 975 1600 mutilaeque
996 1523 1071 1584 sunt
1093 1518 1239 1584 cornibus
1261 1525 1293 1584 et

226 1640 350 1686 acrura
371 1621 440 1686 sinc
461 1618 553 1685 nodis
574 1619 777 1702 articulisque
791 1618 920 1701 habent,
944 1640 1047 1703 neque
1067 1621 1182 1704 quietis
1197 1642 1293 1688 causa

152 1729 153 1734 ’
259 1724 468 1807 procumbunt
501 1742 614 1804 neque,
648 1721 771 1805 siquo
803 1722 944 1788 afflictae
973 1743 1048 1788 casu
1079 1722 1291 1806 conciderunt,

226 1825 380 1909 aerigere
410 1844 480 1891 sese
506 1832 562 1890 aut
595 1825 761 1890 sublevare
791 1832 931 1909 possunt.
976 1825 1027 1892 his
1060 1833 1133 1892 runt
1165 1827 1294 1894 arbores

259 1949 315 2012 pro
331 1928 499 1994 cubilibus:
523 1927 565 1992 ad
588 1947 642 1992 eas
657 1947 692 1992 se
713 1928 874 2012 applicant
888 1934 984 2010 atque
998 1929 1044 1992 ita
1057 1930 1186 2014 paulum
1201 1930 1293 1996 modo

226 2031 430 2099 areolinatae
461 2031 598 2112 quietern
629 2030 766 2114 capiunt.
813 2048 945 2112 quarum
979 2050 1020 2096 ex
1049 2032 1193 2115 vestigiis
1222 2053 1294 2098 eum

261 2139 308 2198 est
337 2131 591 2198 animadversum
620 2152 641 2196 a
670 2131 882 2214 venatoribus,
913 2153 974 2215 quo
1004 2153 1039 2199 se
1061 2124 1202 2219 recipere
1224 2155 1294 2201 con·

260 2234 389 2314 suerint,
420 2253 528 2299 omnes
555 2253 592 2299 eo
620 2234 690 2299 loeo
718 2241 774 2298 ant
803 2236 843 2300 ab
873 2235 1033 2301 radicibus
1063 2238 1218 2302 subruunt
1238 2245 1295 2304 aut

259 2335 407 2402 accidunt
429 2335 557 2401 arbores
579 2342 712 2419 tanturn,
735 2343 770 2402 ut
792 2357 915 2403 summa
936 2339 1058 2423 speeies
1081 2360 1189 2406 earum
1210 2348 1294 2406 stan·

226 2440 339 2511 stium
367 2439 570 2521 relinquatur.
615 2438 677 2504 huc
707 2459 778 2504 cum
804 2458 839 2506 se
869 2440 1096 2516 cousuetudine
1125 2443 1295 2509 reclinave-

260 2547 341 2626 runt,
364 2541 505 2606 infirmas
519 2541 648 2606 arbores
672 2542 812 2626 pondere
836 2542 985 2626 affligunt
1003 2549 1099 2625 atque
1120 2565 1185 2610 una
1206 2546 1295 2630 ipsae

253 2641 439 2712 concidunt.
498 2642 504 2662 “

228 2773 241 2818 1
362 2749 514 2814 XXVIII.
547 2749 688 2814 Tertium
711 2754 759 2814 eet
779 2768 880 2832 genus
903 2769 1020 2832 eorum,
1044 2750 1098 2832 qui
1119 2751 1168 2817 uri
1190 2753 1295 2837 appel·

260 2853 373 2919 lantur.
395 2851 429 2916 hi
452 2857 525 2916 suut
546 2849 766 2934 magnitudine
787 2852 882 2935 paulo
903 2851 987 2916 infra
1009 2847 1204 2938 elephantos,
1227 2875 1295 2940 spe·

227 2957 308 3024 acie
331 2962 362 3022 et
385 2956 487 3021 colore
510 2961 541 3019 et
569 2954 671 3038 figura
699 2953 791 3018 tauri.
836 2974 954 3038 magna
975 2955 1035 3021 vis'
1057 2975 1164 3021 eorum
1194 2964 1296 3023 estet

260 3079 378 3142 magna
399 3057 559 3138 velocitas,
586 3076 690 3139 neque
712 3053 832 3121 homini
854 3077 958 3140 neque
980 3057 1077 3140 ferae,
1108 3078 1203 3140 quam
1226 3081 1296 3126 eon·
1324 3065 1329 3070 ’

262 3166 442 3245 spexerunt,
457 3165 600 3244 parcunt.
623 3159 681 3225 hos
697 3158 837 3224 studiose
851 3159 953 3225 foveis
969 3167 1077 3245 captos
1093 3161 1294 3228 interficiunt.

229 3263 322 3331 ahoe
344 3281 378 3327 se
399 3262 508 3327 labore
529 3261 645 3326 durant
666 3261 886 3328 adulescentes
909 3269 1005 3344 atque
1026 3262 1087 3328 hoe
1109 3285 1226 3348 genere
1245 3287 1296 3332 ve-

261 3365 399 3432 nationis
422 3371 580 3445 exercent,
604 3364 712 3446 etqui
738 3364 889 3448 plurimos
911 3355 953 3430 ex
982 3363 1032 3430 his
1062 3365 1296 3450 interfecerunt,

262 3469 369 3536 relatis
390 3468 424 3534 in
446 3467 608 3553 publicum
631 3467 787 3549 cornibus,
811 3486 893 3550 quae
923 3466 987 3533 sint
1017 3469 1204 3551 testimonio,
1234 3491 1297 3534 ma

229 3597 245 3643 1
263 3595 359 3660 gnam
373 3572 478 3638 ferunt
492 3569 628 3636 laudem.
662 3568 719 3636 sed
733 3589 914 3636 assuescere
936 3568 978 3634 ad
1000 3569 1143 3636 homines
1166 3579 1198 3638 et
1212 3593 1297 3637 man·

231 3676 387 3744 ssuefieu'
416 3695 458 3740 ne
484 3673 607 3758 parvuli
636 3671 761 3754 quidem
785 3672 911 3756 excepti
937 3661 1101 3756 possunt
1122 3675 1297 3760 amplitudo

265 3769 468 3845 comuum'et
489 3777 592 3862 figura
615 3783 646 3841 et
667 3774 789 3858 species
812 3775 943 3840 multum
963 3795 983 3839 a
1005 3782 1180 3840 nostrorum
1203 3779 1295 3842 boum

1233 4139 1439 4152 τὲ--ῄ-ιῆ
