2936 4192
438 241 546 298 couu.
558 242 581 297 1.
599 241 681 298 oar.
694 243 946 300 xxvrr-xxur.
1167 231 1205 292 17

179 403 406 481 convenerunt:
429 413 612 498 intellegere
634 433 713 500 sese,
736 415 861 482 tametsi
884 437 940 502 pro
959 417 1117 482 ueteribus
1135 417 1240 487 Hel-r.

179 517 332 584 vetiorum
358 517 480 582 iniuriis
505 517 547 582 ab
573 516 624 583 his
649 537 768 602 poenas
792 519 875 584 bello
900 520 1073 604 repetisset,
1100 526 1206 585 tamen

180 641 249 686 eam
275 640 342 686 rem
364 641 427 686 non
450 620 553 685 minus
576 639 617 686 ex
637 640 696 686 usu
718 627 819 686 terrae
841 621 962 687 Galliae
984 641 1078 705 quarn
1100 624 1205 707 populi

178 723 311 789 Romani
341 722 507 806 accidisse,
537 728 704 808 propterea
729 723 813 806 quod
839 743 876 789 co
902 725 1031 790 consilio
1057 725 1240 792 florentis-'e

179 826 267 892 simis
294 827 388 891 rebus
418 825 526 891 domos
554 845 629 891 suas
657 826 795 890 Helvetii
827 827 1041 912 reliquissent,
1074 827 1118 892 ut'
1149 829 1204 892 toti

179 929 301 995 Galliae
323 929 439 994 bellurn
461 927 614 993 inferrent
635 928 828 1012 imperioque
849 930 1022 1014 potirentur
1043 930 1205 1014 locumque

179 1031 335 1098 domicilio
365 1050 406 1097 ex
435 1051 553 1113 magna
583 1031 674 1114 copia
703 1030 890 1115 deligerent,
925 1051 1016 1113 quem
1051 1051 1092 1096 ex
1121 1035 1203 1096 omni

179 1135 283 1200 Gallia
311 1133 607 1218 opportunissimum
633 1153 672 1198 ac
697 1133 976 1200 fructuosissimum
1005 1134 1203 1217 iudicassent,

178 1237 376 1320 reliquasque
405 1236 549 1300 civitates
578 1235 799 1320 stipendiarias
827 1235 990 1302 haberent.
1039 1237 1204 1321 petierunt,
1224 1258 1261 1327 r,

151 1367 153 1371 ’
178 1340 224 1404 uti
246 1339 305 1405 sibi
329 1339 493 1404 concilium
515 1339 611 1403 totius
630 1338 751 1403 Galliae
769 1339 802 1402 in
826 1338 909 1404 diem
930 1345 1046 1404 certam
1068 1339 1205 1404 indicere
1248 1381 1250 1385 -

164 1443 273 1526 idque
289 1441 433 1509 Caesaris
448 1442 608 1506 voluntate
623 1441 727 1506 lacere
745 1441 867 1507 liceret:
890 1461 959 1507 sese
981 1441 1098 1508 habere
1118 1463 1206 1525 quas·

180 1545 252 1610 dam
266 1566 327 1628 res,
347 1565 425 1627 quas
444 1565 485 1609 ex
505 1543 660 1609 communi
680 1563 833 1609 consensu
847 1544 888 1608 ab
904 1564 941 1609 eo
955 1551 1062 1628 petere
1078 1545 1203 1610 vellent.
1269 1615 1270 1618 Ἴ

180 1669 219 1713 ea
231 1668 266 1713 re
280 1648 433 1736 permissa
449 1645 532 1712 diem
552 1646 682 1712 concilio
702 1647 928 1712 constituerunt
947 1653 978 1711 et
996 1646 1204 1728 iureiurando,
1223 1670 1238 1714 a

181 1770 221 1815 nc
248 1750 317 1832 quis
331 1749 528 1833 enuntiaret,
557 1748 619 1813 nisi
646 1748 759 1830 quibus
785 1749 939 1813 communi
966 1749 1094 1814 consilio
1120 1769 1203 1813 man·

181 1852 287 1917 datum
311 1859 401 1934 esset,
423 1853 505 1916 inter
527 1871 561 1916 se
584 1856 765 1916 sanxemnt.

282 1955 401 2020 XXXI.
429 1955 474 2018 Eo
504 1953 635 2019 concilio
665 1952 793 2018 dimisso
823 1952 918 2018 iidem
933 1953 1103 2043 ,principes
1132 1953 1237 2022 civi-r

180 2065 287 2141 tatum,
315 2057 367 2140 qui
389 2062 463 2121 ante
484 2055 619 2139 fuerant,
641 2055 683 2120 ad
706 2055 872 2122 Caesarem
894 2061 1089 2120 reverterunt
1110 2057 1205 2140 petie-

179 2167 320 2244 runtque,
347 2165 382 2224 ut
407 2158 467 2224 sibi
494 2163 612 2224 secreto
639 2157 679 2223 de
706 2179 762 2224 sua
787 2158 987 2241 omniumque
1013 2159 1113 2224 salute
1135 2179 1205 2224 cum

180 2284 216 2330 eo
245 2282 339 2348 agere
365 2263 482 2326 liceret.
515 2269 570 2326 'ea
598 2281 631 2326 re
661 2261 829 2345 impetrata
857 2281 928 2326 sese
956 2281 1064 2326 omnes
1093 2262 1239 2330 flentese

181 2366 305 2432 Caesari
328 2364 370 2429 ad
391 2364 489 2448 pedes
510 2364 720 2448 proiecerunt:
747 2384 810 2428 non
837 2365 941 2428 minus
967 2384 1001 2429 se
1026 2363 1059 2428 id
1082 2371 1206 2430 conten-

181 2469 254 2534 dere
280 2475 311 2533 et
336 2468 488 2550 laborare,
515 2487 556 2532 ne
583 2487 629 2550 ea,
657 2486 738 2548 quae
765 2465 928 2555 dixissent,
960 2466 1204 2551 enuntiarentur,

180 2591 273 2655 quam
294 2571 340 2635 uti
363 2591 409 2654 ea,
433 2591 514 2653 quae
535 2570 662 2652 vellent,
685 2569 898 2653 impetrarent,
925 2575 1091 2653 propterea
1112 2571 1204 2653 quod,

180 2675 206 2739 si
229 2673 422 2738 enuntiatum
447 2679 538 2756 esset,
566 2692 720 2737 summum
746 2671 779 2735 in
807 2671 975 2736 cruciatum
1001 2691 1035 2736 se
1057 2679 1205 2737 venturos

182 2777 331 2842 viderent.
368 2777 488 2842 locutus
511 2781 558 2840 est
579 2795 635 2859 pro
657 2775 707 2840 his
728 2774 905 2839 Divitiacus
918 2773 1059 2838 Aeduus:
1084 2775 1239 2842 Galliaco

96 2963 98 2966 Ι
180 2881 274 2945 totius
299 2879 452 2944 sactiones
481 2899 550 2944 esse
573 2878 668 2966 duas:
698 2877 809 2942 harum
838 2876 966 2942 alterius
995 2877 1204 2962 principatum

181 2990 287 3048 tenere
308 2981 444 3066 Aeduos,
467 2981 594 3046 alterius
616 2983 783 3046 Arvernos.
828 2979 861 3044 hi
883 2999 953 3044 oum
975 2986 1138 3064 tantopere
1164 2980 1239 3050 der

180 3090 342 3169 potentatu
370 3084 452 3150 inter
482 3104 515 3149 se
544 3085 657 3148 multos
686 3103 786 3148 annos
816 3081 1053 3165 contenderent,
1087 3082 1204 3148 factum

181 3207 258 3272 esse,
285 3187 331 3251 uti
352 3187 393 3252 ab
416 3187 565 3252 Arvernis
587 3185 802 3269 Sequanisque
824 3185 972 3250 Germani
994 3183 1138 3250 mercede
1159 3207 1205 3251 ar-

180 3295 382 3355 cesserentur.
433 3289 543 3355 horum
575 3289 675 3372 primo
705 3287 826 3352 circiter
855 3285 942 3350 milia
970 3287 1031 3350 XV
1059 3286 1238 3358 Rhenumo

181 3392 342 3476 transisse3
369 3398 573 3475 posteaquam
599 3410 692 3475 agros
718 3395 749 3454 et
776 3391 891 3462 cultum
918 3394 950 3454 et
972 3388 1078 3472 copias
1104 3390 1206 3456 Gallo-

181 3515 248 3559 rum
263 3494 405 3560 homines
420 3494 478 3559 feri
493 3515 531 3559 ac
544 3493 669 3559 barbari
685 3493 894 3575 adamassent,
914 3491 1071 3557 traductos
1086 3495 1204 3577 plures;

181 3617 265 3662 nune
286 3616 356 3662 esse
377 3597 410 3660 in
431 3596 534 3662 Gallia
555 3596 596 3660 ad
619 3602 743 3661 centum
767 3601 798 3660 et
811 3596 874 3658 XX
889 3595 1009 3658 milium
1030 3615 1202 3660 numerum.

182 3719 251 3764 curn
277 3699 327 3764 his
349 3699 475 3764 Aeduos
502 3718 668 3781 eorumque
695 3698 824 3763 clientes
851 3697 946 3762 semel
973 3703 1067 3777 atque
1093 3697 1238 3765 iterumo

182 3803 276 3867 armis
291 3801 501 3885 contendisse;
521 3822 668 3884 magnam
688 3799 898 3864 calamitatem
913 3797 1018 3880 pulsos
1036 3798 1203 3880 accepisse,

234 3912 338 3957 caesar.
352 3911 448 3951 debello
462 3910 551 3951 Gallico.
1035 3902 1050 3947 2
