<?xml version="1.0" encoding="UTF-8"?>
<!DOCTYPE html PUBLIC "-//W3C//DTD XHTML 1.0 Transitional//EN"
    "http://www.w3.org/TR/xhtml1/DTD/xhtml1-transitional.dtd">
<html xmlns="http://www.w3.org/1999/xhtml" xml:lang="en" lang="en">
 <head>
  <title>
</title>
<meta http-equiv="Content-Type" content="text/html;charset=utf-8" />
  <meta name='ocr-system' content='tesseract 3.04.00' />
  <meta name='ocr-capabilities' content='ocr_page ocr_carea ocr_par ocr_line ocrx_word'/>
</head>
<body>
  <div class='ocr_page' id='page_1' title='image "./commentariidebe00pramgoog_0205.png"; bbox 0 0 2960 4192; ppageno 0'>
   <div class='ocr_carea' id='block_1_1' title="bbox 290 245 1028 316">
    <p class='ocr_par' dir='ltr' id='par_1_1' title="bbox 290 245 1028 316">
     <span class='ocr_line' id='line_1_1' title="bbox 290 245 1028 316; baseline 0.015 -10"><span class='ocrx_word' id='word_1_1' title='bbox 290 245 351 308; x_wconf 88' lang='lat'>190</span> <span class='ocrx_word' id='word_1_2' title='bbox 625 261 674 314; x_wconf 86' lang='lat' dir='ltr'>DE</span> <span class='ocrx_word' id='word_1_3' title='bbox 692 260 809 316; x_wconf 85' lang='lat' dir='ltr'>BELLO</span> <span class='ocrx_word' id='word_1_4' title='bbox 827 260 988 316; x_wconf 83' lang='lat' dir='ltr'>GALLIGO</span> <span class='ocrx_word' id='word_1_5' title='bbox 1023 259 1028 266; x_wconf 79' lang='grc'>’</span> 
     </span>
    </p>
   </div>
   <div class='ocr_carea' id='block_1_2' title="bbox 238 433 1327 3092">
    <p class='ocr_par' dir='ltr' id='par_1_2' title="bbox 253 433 1327 618">
     <span class='ocr_line' id='line_1_2' title="bbox 253 433 1327 520; baseline -0.002 -18"><span class='ocrx_word' id='word_1_6' title='bbox 253 433 449 518; x_wconf 78' lang='lat' dir='ltr'>erepublica</span> <span class='ocrx_word' id='word_1_7' title='bbox 470 433 598 499; x_wconf 90' lang='lat' dir='ltr'>meritos</span> <span class='ocrx_word' id='word_1_8' title='bbox 620 434 773 520; x_wconf 90' lang='lat' dir='ltr'>accipere,</span> <span class='ocrx_word' id='word_1_9' title='bbox 796 434 952 518; x_wconf 82' lang='lat' dir='ltr'>legionem</span> <span class='ocrx_word' id='word_1_10' title='bbox 976 455 1017 499; x_wconf 83' lang='lat' dir='ltr'>ex</span> <span class='ocrx_word' id='word_1_11' title='bbox 1046 434 1186 500; x_wconf 89' lang='lat' dir='ltr'>hibernis</span> <span class='ocrx_word' id='word_1_12' title='bbox 1209 441 1327 500; x_wconf 82' lang='lat' dir='ltr'>evocat</span> 
     </span>
     <span class='ocr_line' id='line_1_3' title="bbox 287 535 1326 618; baseline 0.002 -18"><span class='ocrx_word' id='word_1_13' title='bbox 287 555 393 600; x_wconf 87' lang='lat' dir='ltr'>rursus</span> <span class='ocrx_word' id='word_1_14' title='bbox 425 535 635 618; x_wconf 78' lang='lat' dir='ltr'>undecimam,</span> <span class='ocrx_word' id='word_1_15' title='bbox 669 537 790 602; x_wconf 83' lang='lat' dir='ltr'>litteras</span> <span class='ocrx_word' id='word_1_16' title='bbox 823 543 929 602; x_wconf 85' lang='lat' dir='ltr'>autern</span> <span class='ocrx_word' id='word_1_17' title='bbox 962 537 1004 602; x_wconf 92' lang='lat' dir='ltr'>ad</span> <span class='ocrx_word' id='word_1_18' title='bbox 1038 538 1151 603; x_wconf 81' lang='lat' dir='ltr'>Gaium</span> <span class='ocrx_word' id='word_1_19' title='bbox 1185 538 1326 602; x_wconf 83' lang='lat' dir='ltr'>Fabium</span> 
     </span>
    </p>

    <p class='ocr_par' dir='ltr' id='par_1_3' title="bbox 241 638 1325 825">
     <span class='ocr_line' id='line_1_4' title="bbox 241 638 1325 724; baseline 0.004 -22"><span class='ocrx_word' id='word_1_20' title='bbox 241 659 243 666; x_wconf 94' lang='lat'>·</span> <span class='ocrx_word' id='word_1_21' title='bbox 287 638 392 720; x_wconf 90' lang='lat' dir='ltr'>mittit,</span> <span class='ocrx_word' id='word_1_22' title='bbox 415 644 451 702; x_wconf 93' lang='lat' dir='ltr'>ut</span> <span class='ocrx_word' id='word_1_23' title='bbox 472 639 507 704; x_wconf 94' lang='lat' dir='ltr'>in</span> <span class='ocrx_word' id='word_1_24' title='bbox 528 639 609 704; x_wconf 83' lang='lat' dir='ltr'>lines</span> <span class='ocrx_word' id='word_1_25' title='bbox 631 639 834 706; x_wconf 83' lang='lat' dir='ltr'>Suessionum</span> <span class='ocrx_word' id='word_1_26' title='bbox 856 641 996 724; x_wconf 80' lang='lat' dir='ltr'>legiones</span> <span class='ocrx_word' id='word_1_27' title='bbox 1012 639 1102 722; x_wconf 88' lang='lat' dir='ltr'>duas,</span> <span class='ocrx_word' id='word_1_28' title='bbox 1126 661 1204 723; x_wconf 90' lang='lat' dir='ltr'>quas</span> <span class='ocrx_word' id='word_1_29' title='bbox 1226 641 1325 706; x_wconf 88' lang='lat' dir='ltr'>habe-</span> 
     </span>
     <span class='ocr_line' id='line_1_5' title="bbox 285 739 1324 825; baseline 0.006 -21"><span class='ocrx_word' id='word_1_30' title='bbox 285 741 350 822; x_wconf 88' lang='lat' dir='ltr'>bat,</span> <span class='ocrx_word' id='word_1_31' title='bbox 381 739 553 807; x_wconf 87' lang='lat' dir='ltr'>adduceret</span> <span class='ocrx_word' id='word_1_32' title='bbox 575 743 770 825; x_wconf 85' lang='lat' dir='ltr'>alteramque</span> <span class='ocrx_word' id='word_1_33' title='bbox 797 763 838 807; x_wconf 85' lang='lat' dir='ltr'>ex</span> <span class='ocrx_word' id='word_1_34' title='bbox 869 743 991 810; x_wconf 90' lang='lat' dir='ltr'>duabus</span> <span class='ocrx_word' id='word_1_35' title='bbox 1021 745 1061 810; x_wconf 90' lang='lat' dir='ltr'>ab</span> <span class='ocrx_word' id='word_1_36' title='bbox 1084 744 1156 809; x_wconf 81' lang='lat' dir='ltr'>Tito</span> <span class='ocrx_word' id='word_1_37' title='bbox 1178 745 1324 810; x_wconf 90' lang='lat' dir='ltr'>Labieno</span> 
     </span>
    </p>

    <p class='ocr_par' dir='ltr' id='par_1_4' title="bbox 238 845 1324 1136">
     <span class='ocr_line' id='line_1_6' title="bbox 238 845 1324 931; baseline 0 -19"><span class='ocrx_word' id='word_1_38' title='bbox 238 856 268 912; x_wconf 85' lang='lat'>&#39;4</span> <span class='ocrx_word' id='word_1_39' title='bbox 286 845 425 910; x_wconf 89' lang='lat' dir='ltr'>arcessit.</span> <span class='ocrx_word' id='word_1_40' title='bbox 468 845 524 931; x_wconf 83' lang='lat' dir='ltr'>ita,</span> <span class='ocrx_word' id='word_1_41' title='bbox 546 853 698 928; x_wconf 90' lang='lat' dir='ltr'>quantum</span> <span class='ocrx_word' id='word_1_42' title='bbox 721 845 922 912; x_wconf 91' lang='lat' dir='ltr'>hibernorum</span> <span class='ocrx_word' id='word_1_43' title='bbox 945 847 1161 930; x_wconf 87' lang='lat' dir='ltr'>opportunitas</span> <span class='ocrx_word' id='word_1_44' title='bbox 1183 847 1324 929; x_wconf 88' lang='lat' dir='ltr'>bellique</span> 
     </span>
     <span class='ocr_line' id='line_1_7' title="bbox 286 948 1324 1034; baseline 0.004 -22"><span class='ocrx_word' id='word_1_45' title='bbox 286 948 364 1014; x_wconf 90' lang='lat' dir='ltr'>ratio</span> <span class='ocrx_word' id='word_1_46' title='bbox 385 949 574 1032; x_wconf 88' lang='lat' dir='ltr'>postulabat,</span> <span class='ocrx_word' id='word_1_47' title='bbox 597 956 749 1032; x_wconf 89' lang='lat' dir='ltr'>perpetuo</span> <span class='ocrx_word' id='word_1_48' title='bbox 772 969 827 1014; x_wconf 90' lang='lat' dir='ltr'>suo</span> <span class='ocrx_word' id='word_1_49' title='bbox 842 949 949 1015; x_wconf 91' lang='lat' dir='ltr'>labore</span> <span class='ocrx_word' id='word_1_50' title='bbox 971 950 1004 1014; x_wconf 89' lang='lat' dir='ltr'>in</span> <span class='ocrx_word' id='word_1_51' title='bbox 1020 950 1122 1014; x_wconf 90' lang='lat' dir='ltr'>vicem</span> <span class='ocrx_word' id='word_1_52' title='bbox 1144 950 1324 1034; x_wconf 84' lang='lat' dir='ltr'>legionibus</span> 
     </span>
     <span class='ocr_line' id='line_1_8' title="bbox 286 1051 1015 1136; baseline 0 -20"><span class='ocrx_word' id='word_1_53' title='bbox 286 1051 523 1136; x_wconf 84' lang='lat' dir='ltr'>expeditionum</span> <span class='ocrx_word' id='word_1_54' title='bbox 546 1072 625 1117; x_wconf 91' lang='lat' dir='ltr'>onus</span> <span class='ocrx_word' id='word_1_55' title='bbox 647 1052 842 1136; x_wconf 90' lang='lat' dir='ltr'>iniungebat.</span> <span class='ocrx_word' id='word_1_56' title='bbox 1012 1051 1015 1056; x_wconf 81' lang='grc'><strong>’</strong></span> 
     </span>
    </p>

    <p class='ocr_par' dir='ltr' id='par_1_5' title="bbox 253 1155 1323 1444">
     <span class='ocr_line' id='line_1_9' title="bbox 253 1155 1323 1240; baseline 0 -20"><span class='ocrx_word' id='word_1_57' title='bbox 253 1174 266 1220; x_wconf 85' lang='grc' dir='ltr'>ι</span> <span class='ocrx_word' id='word_1_58' title='bbox 388 1155 459 1220; x_wconf 88' lang='lat' dir='ltr'><strong>VII.</strong></span> <span class='ocrx_word' id='word_1_59' title='bbox 504 1155 563 1219; x_wconf 90' lang='lat' dir='ltr'>His</span> <span class='ocrx_word' id='word_1_60' title='bbox 586 1155 683 1238; x_wconf 90' lang='lat' dir='ltr'>copiis</span> <span class='ocrx_word' id='word_1_61' title='bbox 706 1156 822 1220; x_wconf 90' lang='lat' dir='ltr'>coactis</span> <span class='ocrx_word' id='word_1_62' title='bbox 843 1155 885 1220; x_wconf 92' lang='lat' dir='ltr'>ad</span> <span class='ocrx_word' id='word_1_63' title='bbox 907 1157 1091 1222; x_wconf 86' lang='lat' dir='ltr'>Bellovacos</span> <span class='ocrx_word' id='word_1_64' title='bbox 1113 1157 1323 1240; x_wconf 86' lang='lat' dir='ltr'>proficiscitur</span> 
     </span>
     <span class='ocr_line' id='line_1_10' title="bbox 286 1257 1321 1342; baseline 0.004 -21"><span class='ocrx_word' id='word_1_65' title='bbox 286 1257 458 1339; x_wconf 88' lang='lat' dir='ltr'>castrisque</span> <span class='ocrx_word' id='word_1_66' title='bbox 488 1257 521 1321; x_wconf 96' lang='lat' dir='ltr'>in</span> <span class='ocrx_word' id='word_1_67' title='bbox 554 1277 660 1322; x_wconf 89' lang='lat' dir='ltr'>eorum</span> <span class='ocrx_word' id='word_1_68' title='bbox 689 1257 805 1323; x_wconf 88' lang='lat' dir='ltr'>finibus</span> <span class='ocrx_word' id='word_1_69' title='bbox 835 1258 951 1342; x_wconf 89' lang='lat' dir='ltr'>positis·</span> <span class='ocrx_word' id='word_1_70' title='bbox 969 1259 1109 1341; x_wconf 89' lang='lat' dir='ltr'>equitum</span> <span class='ocrx_word' id='word_1_71' title='bbox 1135 1265 1254 1325; x_wconf 88' lang='lat' dir='ltr'>turmas</span> <span class='ocrx_word' id='word_1_72' title='bbox 1276 1259 1321 1324; x_wconf 91' lang='lat' dir='ltr'>di-</span> 
     </span>
     <span class='ocr_line' id='line_1_11' title="bbox 285 1359 1320 1444; baseline 0.003 -21"><span class='ocrx_word' id='word_1_73' title='bbox 285 1359 380 1424; x_wconf 86' lang='lat' dir='ltr'>mittit</span> <span class='ocrx_word' id='word_1_74' title='bbox 409 1360 443 1424; x_wconf 93' lang='lat' dir='ltr'>in</span> <span class='ocrx_word' id='word_1_75' title='bbox 470 1380 579 1426; x_wconf 88' lang='lat' dir='ltr'>omncs</span> <span class='ocrx_word' id='word_1_76' title='bbox 605 1369 711 1444; x_wconf 89' lang='lat' dir='ltr'>partes</span> <span class='ocrx_word' id='word_1_77' title='bbox 737 1359 780 1425; x_wconf 92' lang='lat' dir='ltr'>ad</span> <span class='ocrx_word' id='word_1_78' title='bbox 808 1360 929 1442; x_wconf 88' lang='lat' dir='ltr'>aliquos</span> <span class='ocrx_word' id='word_1_79' title='bbox 953 1360 1167 1444; x_wconf 75' lang='lat' dir='ltr'>excipiendos</span> <span class='ocrx_word' id='word_1_80' title='bbox 1191 1381 1232 1426; x_wconf 84' lang='lat' dir='ltr'>ex</span> <span class='ocrx_word' id='word_1_81' title='bbox 1255 1364 1320 1444; x_wconf 89' lang='lat' dir='ltr'>qui-</span> 
     </span>
    </p>

    <p class='ocr_par' dir='ltr' id='par_1_6' title="bbox 251 1461 1320 1858">
     <span class='ocr_line' id='line_1_12' title="bbox 251 1461 1319 1546; baseline 0.001 -17"><span class='ocrx_word' id='word_1_82' title='bbox 251 1463 345 1529; x_wconf 78' lang='lat' dir='ltr'>abus</span> <span class='ocrx_word' id='word_1_83' title='bbox 367 1461 504 1528; x_wconf 91' lang='lat' dir='ltr'>hostium</span> <span class='ocrx_word' id='word_1_84' title='bbox 528 1463 659 1528; x_wconf 90' lang='lat' dir='ltr'>consilia</span> <span class='ocrx_word' id='word_1_85' title='bbox 682 1469 893 1546; x_wconf 89' lang='lat' dir='ltr'>cognosceret.</span> <span class='ocrx_word' id='word_1_86' title='bbox 940 1463 1062 1546; x_wconf 86' lang='lat' dir='ltr'>equites</span> <span class='ocrx_word' id='word_1_87' title='bbox 1084 1463 1188 1529; x_wconf 89' lang='lat' dir='ltr'>officio</span> <span class='ocrx_word' id='word_1_88' title='bbox 1218 1464 1319 1530; x_wconf 88' lang='lat' dir='ltr'>functi</span> 
     </span>
     <span class='ocr_line' id='line_1_13' title="bbox 285 1565 1318 1650; baseline 0.003 -20"><span class='ocrx_word' id='word_1_89' title='bbox 285 1565 468 1630; x_wconf 93' lang='lat' dir='ltr'>renuntiant</span> <span class='ocrx_word' id='word_1_90' title='bbox 490 1586 607 1650; x_wconf 88' lang='lat' dir='ltr'>paucos</span> <span class='ocrx_word' id='word_1_91' title='bbox 630 1566 663 1630; x_wconf 94' lang='lat' dir='ltr'>in</span> <span class='ocrx_word' id='word_1_92' title='bbox 685 1565 839 1630; x_wconf 90' lang='lat' dir='ltr'>aedificiis</span> <span class='ocrx_word' id='word_1_93' title='bbox 865 1585 934 1630; x_wconf 91' lang='lat' dir='ltr'>esse</span> <span class='ocrx_word' id='word_1_94' title='bbox 953 1565 1109 1648; x_wconf 90' lang='lat' dir='ltr'>inventos,</span> <span class='ocrx_word' id='word_1_95' title='bbox 1132 1573 1228 1650; x_wconf 91' lang='lat' dir='ltr'>atque</span> <span class='ocrx_word' id='word_1_96' title='bbox 1250 1567 1318 1650; x_wconf 92' lang='lat' dir='ltr'>hos,</span> 
     </span>
     <span class='ocr_line' id='line_1_14' title="bbox 285 1668 1320 1753; baseline 0.002 -21"><span class='ocrx_word' id='word_1_97' title='bbox 285 1689 348 1734; x_wconf 95' lang='lat' dir='ltr'>non</span> <span class='ocrx_word' id='word_1_98' title='bbox 372 1669 425 1752; x_wconf 94' lang='lat' dir='ltr'>qui</span> <span class='ocrx_word' id='word_1_99' title='bbox 447 1689 593 1753; x_wconf 89' lang='lat' dir='ltr'>agrorum</span> <span class='ocrx_word' id='word_1_100' title='bbox 609 1668 809 1733; x_wconf 90' lang='lat' dir='ltr'>colendorum</span> <span class='ocrx_word' id='word_1_101' title='bbox 825 1687 921 1733; x_wconf 88' lang='lat' dir='ltr'>causa</span> <span class='ocrx_word' id='word_1_102' title='bbox 936 1669 1161 1734; x_wconf 91' lang='lat' dir='ltr'>remansissent</span> <span class='ocrx_word' id='word_1_103' title='bbox 1176 1707 1220 1718; x_wconf 97' lang='lat'><strong>—</strong></span> <span class='ocrx_word' id='word_1_104' title='bbox 1234 1691 1320 1734; x_wconf 91' lang='lat' dir='ltr'>nam·</span> 
     </span>
     <span class='ocr_line' id='line_1_15' title="bbox 286 1769 1320 1858; baseline 0.004 -22"><span class='ocrx_word' id='word_1_105' title='bbox 286 1792 346 1854; x_wconf 90' lang='lat' dir='ltr'>que</span> <span class='ocrx_word' id='word_1_106' title='bbox 369 1791 438 1836; x_wconf 89' lang='lat' dir='ltr'>esse</span> <span class='ocrx_word' id='word_1_107' title='bbox 460 1770 599 1853; x_wconf 90' lang='lat' dir='ltr'>undique</span> <span class='ocrx_word' id='word_1_108' title='bbox 621 1770 789 1855; x_wconf 87' lang='lat' dir='ltr'>diligenter</span> <span class='ocrx_word' id='word_1_109' title='bbox 804 1769 1013 1854; x_wconf 84' lang='lat' dir='ltr'>demigratum</span> <span class='ocrx_word' id='word_1_110' title='bbox 1035 1809 1078 1818; x_wconf 91' lang='lat'><em>-</em></span> <span class='ocrx_word' id='word_1_111' title='bbox 1100 1770 1156 1837; x_wconf 90' lang='lat' dir='ltr'>sed</span> <span class='ocrx_word' id='word_1_112' title='bbox 1180 1773 1233 1855; x_wconf 91' lang='lat' dir='ltr'>qui</span> <span class='ocrx_word' id='word_1_113' title='bbox 1252 1793 1320 1858; x_wconf 89' lang='lat' dir='ltr'>spe-</span> 
     </span>
    </p>

    <p class='ocr_par' dir='ltr' id='par_1_7' title="bbox 250 1873 1320 3092">
     <span class='ocr_line' id='line_1_16' title="bbox 250 1873 1320 1960; baseline 0 -18"><span class='ocrx_word' id='word_1_114' title='bbox 250 1874 412 1942; x_wconf 83' lang='lat' dir='ltr'>sculandi</span> <span class='ocrx_word' id='word_1_115' title='bbox 443 1894 539 1940; x_wconf 90' lang='lat' dir='ltr'>causa</span> <span class='ocrx_word' id='word_1_116' title='bbox 569 1880 675 1939; x_wconf 90' lang='lat' dir='ltr'>essent</span> <span class='ocrx_word' id='word_1_117' title='bbox 692 1873 836 1960; x_wconf 60' lang='lat' dir='ltr'>remissi.</span> <span class='ocrx_word' id='word_1_118' title='bbox 881 1874 1038 1956; x_wconf 91' lang='lat' dir='ltr'>aquibus</span> <span class='ocrx_word' id='word_1_119' title='bbox 1062 1895 1133 1939; x_wconf 89' lang='lat' dir='ltr'>curn</span> <span class='ocrx_word' id='word_1_120' title='bbox 1156 1884 1320 1958; x_wconf 86' lang='lat' dir='ltr'>quaereret</span> 
     </span>
     <span class='ocr_line' id='line_1_17' title="bbox 286 1976 1319 2061; baseline 0.002 -18"><span class='ocrx_word' id='word_1_121' title='bbox 286 1978 412 2061; x_wconf 80' lang='lat' dir='ltr'>Caesar,</span> <span class='ocrx_word' id='word_1_122' title='bbox 443 1998 504 2060; x_wconf 92' lang='lat' dir='ltr'>quo</span> <span class='ocrx_word' id='word_1_123' title='bbox 533 1978 602 2042; x_wconf 91' lang='lat' dir='ltr'>loco</span> <span class='ocrx_word' id='word_1_124' title='bbox 632 1976 799 2041; x_wconf 92' lang='lat' dir='ltr'>multitudo</span> <span class='ocrx_word' id='word_1_125' title='bbox 827 1983 910 2041; x_wconf 91' lang='lat' dir='ltr'>esset</span> <span class='ocrx_word' id='word_1_126' title='bbox 932 1978 1170 2042; x_wconf 91' lang='lat' dir='ltr'>Bellovacorum</span> <span class='ocrx_word' id='word_1_127' title='bbox 1194 1979 1319 2061; x_wconf 87' lang='lat' dir='ltr'>quodve</span> 
     </span>
     <span class='ocr_line' id='line_1_18' title="bbox 250 2079 1318 2165; baseline 0 -17"><span class='ocrx_word' id='word_1_128' title='bbox 250 2085 369 2148; x_wconf 77' lang='lat' dir='ltr'>resset</span> <span class='ocrx_word' id='word_1_129' title='bbox 401 2080 565 2145; x_wconf 91' lang='lat' dir='ltr'>consilium</span> <span class='ocrx_word' id='word_1_130' title='bbox 599 2099 715 2161; x_wconf 90' lang='lat' dir='ltr'>eorum,</span> <span class='ocrx_word' id='word_1_131' title='bbox 749 2079 947 2145; x_wconf 86' lang='lat' dir='ltr'>inveniebat:</span> <span class='ocrx_word' id='word_1_132' title='bbox 981 2081 1167 2146; x_wconf 86' lang='lat' dir='ltr'>Bellovacos</span> <span class='ocrx_word' id='word_1_133' title='bbox 1199 2103 1318 2165; x_wconf 88' lang='lat' dir='ltr'>omnes,</span> 
     </span>
     <span class='ocr_line' id='line_1_19' title="bbox 285 2182 1320 2266; baseline 0.003 -18"><span class='ocrx_word' id='word_1_134' title='bbox 285 2183 338 2265; x_wconf 91' lang='lat' dir='ltr'>qui</span> <span class='ocrx_word' id='word_1_135' title='bbox 360 2203 448 2246; x_wconf 89' lang='lat' dir='ltr'>arma</span> <span class='ocrx_word' id='word_1_136' title='bbox 471 2183 552 2248; x_wconf 86' lang='lat' dir='ltr'>ferre</span> <span class='ocrx_word' id='word_1_137' title='bbox 574 2189 713 2266; x_wconf 86' lang='lat' dir='ltr'>possent,</span> <span class='ocrx_word' id='word_1_138' title='bbox 737 2182 768 2247; x_wconf 94' lang='lat' dir='ltr'>in</span> <span class='ocrx_word' id='word_1_139' title='bbox 784 2202 883 2246; x_wconf 88' lang='lat' dir='ltr'>unum</span> <span class='ocrx_word' id='word_1_140' title='bbox 897 2183 1000 2248; x_wconf 92' lang='lat' dir='ltr'>locum</span> <span class='ocrx_word' id='word_1_141' title='bbox 1016 2185 1211 2266; x_wconf 88' lang='lat' dir='ltr'>convenisse,</span> <span class='ocrx_word' id='word_1_142' title='bbox 1232 2185 1320 2251; x_wconf 89' lang='lat' dir='ltr'>itern-</span> 
     </span>
     <span class='ocr_line' id='line_1_20' title="bbox 286 2285 1318 2374; baseline 0.004 -24"><span class='ocrx_word' id='word_1_143' title='bbox 286 2306 347 2368; x_wconf 89' lang='lat' dir='ltr'>que</span> <span class='ocrx_word' id='word_1_144' title='bbox 365 2285 548 2366; x_wconf 84' lang='lat' dir='ltr'>Ambianos,</span> <span class='ocrx_word' id='word_1_145' title='bbox 571 2286 731 2366; x_wconf 87' lang='lat' dir='ltr'>Aulercos,</span> <span class='ocrx_word' id='word_1_146' title='bbox 756 2286 890 2366; x_wconf 81' lang='lat' dir='ltr'>Caletos,</span> <span class='ocrx_word' id='word_1_147' title='bbox 907 2287 1112 2370; x_wconf 83' lang='lat' dir='ltr'>Veliocasses,</span> <span class='ocrx_word' id='word_1_148' title='bbox 1134 2289 1318 2374; x_wconf 73' lang='lat' dir='ltr'>Atrebates,</span> 
     </span>
     <span class='ocr_line' id='line_1_21' title="bbox 284 2387 1319 2474; baseline 0.005 -23"><span class='ocrx_word' id='word_1_149' title='bbox 284 2387 387 2452; x_wconf 91' lang='lat' dir='ltr'>locum</span> <span class='ocrx_word' id='word_1_150' title='bbox 409 2387 519 2453; x_wconf 89' lang='lat' dir='ltr'>castris</span> <span class='ocrx_word' id='word_1_151' title='bbox 543 2388 703 2452; x_wconf 84' lang='lat' dir='ltr'>excelsum</span> <span class='ocrx_word' id='word_1_152' title='bbox 725 2388 758 2451; x_wconf 91' lang='lat' dir='ltr'>in</span> <span class='ocrx_word' id='word_1_153' title='bbox 781 2389 861 2453; x_wconf 85' lang='lat' dir='ltr'>silva</span> <span class='ocrx_word' id='word_1_154' title='bbox 884 2388 1078 2454; x_wconf 89' lang='lat' dir='ltr'>circumdata</span> <span class='ocrx_word' id='word_1_155' title='bbox 1098 2389 1215 2474; x_wconf 91' lang='lat' dir='ltr'>palude</span> <span class='ocrx_word' id='word_1_156' title='bbox 1237 2390 1319 2456; x_wconf 90' lang='lat' dir='ltr'>dele-</span> 
     </span>
     <span class='ocr_line' id='line_1_22' title="bbox 285 2489 1317 2576; baseline 0.002 -20"><span class='ocrx_word' id='word_1_157' title='bbox 285 2491 378 2576; x_wconf 88' lang='lat' dir='ltr'>gisse,</span> <span class='ocrx_word' id='word_1_158' title='bbox 401 2489 628 2575; x_wconf 88' lang='lat' dir='ltr'>impedimenta</span> <span class='ocrx_word' id='word_1_159' title='bbox 651 2491 757 2555; x_wconf 91' lang='lat' dir='ltr'>omnia</span> <span class='ocrx_word' id='word_1_160' title='bbox 780 2491 812 2555; x_wconf 92' lang='lat' dir='ltr'>in</span> <span class='ocrx_word' id='word_1_161' title='bbox 835 2491 997 2557; x_wconf 87' lang='lat' dir='ltr'>ulteriores</span> <span class='ocrx_word' id='word_1_162' title='bbox 1020 2493 1116 2558; x_wconf 87' lang='lat' dir='ltr'>silvas</span> <span class='ocrx_word' id='word_1_163' title='bbox 1139 2495 1317 2559; x_wconf 88' lang='lat' dir='ltr'>contulisse.</span> 
     </span>
     <span class='ocr_line' id='line_1_23' title="bbox 286 2587 1319 2680; baseline 0.002 -20"><span class='ocrx_word' id='word_1_164' title='bbox 286 2596 460 2680; x_wconf 87' lang='lat' dir='ltr'>complures</span> <span class='ocrx_word' id='word_1_165' title='bbox 483 2615 552 2660; x_wconf 91' lang='lat' dir='ltr'>esse</span> <span class='ocrx_word' id='word_1_166' title='bbox 574 2595 733 2679; x_wconf 88' lang='lat' dir='ltr'>principes</span> <span class='ocrx_word' id='word_1_167' title='bbox 755 2597 830 2661; x_wconf 93' lang='lat' dir='ltr'>belli</span> <span class='ocrx_word' id='word_1_168' title='bbox 845 2602 998 2677; x_wconf 87' lang='lat' dir='ltr'>auctores,</span> <span class='ocrx_word' id='word_1_169' title='bbox 1014 2587 1071 2661; x_wconf 86' lang='lat' dir='ltr'>sed</span> <span class='ocrx_word' id='word_1_170' title='bbox 1086 2597 1319 2662; x_wconf 90' lang='lat' dir='ltr'>multitudinem</span> 
     </span>
     <span class='ocr_line' id='line_1_24' title="bbox 286 2686 1319 2782; baseline 0.003 -20"><span class='ocrx_word' id='word_1_171' title='bbox 286 2699 422 2764; x_wconf 84' lang='lat' dir='ltr'>maxime</span> <span class='ocrx_word' id='word_1_172' title='bbox 445 2699 559 2764; x_wconf 80' lang='lat' dir='ltr'>Correo</span> <span class='ocrx_word' id='word_1_173' title='bbox 582 2699 809 2782; x_wconf 88' lang='lat' dir='ltr'>obtemperare,</span> <span class='ocrx_word' id='word_1_174' title='bbox 833 2697 917 2780; x_wconf 87' lang='lat' dir='ltr'>quod</span> <span class='ocrx_word' id='word_1_175' title='bbox 940 2699 968 2764; x_wconf 90' lang='lat' dir='ltr'>ei</span> <span class='ocrx_word' id='word_1_176' title='bbox 996 2719 1117 2764; x_wconf 91' lang='lat' dir='ltr'>summo</span> <span class='ocrx_word' id='word_1_177' title='bbox 1147 2686 1221 2764; x_wconf 88' lang='lat' dir='ltr'>esse</span> <span class='ocrx_word' id='word_1_178' title='bbox 1246 2699 1319 2765; x_wconf 91' lang='lat' dir='ltr'>odio</span> 
     </span>
     <span class='ocr_line' id='line_1_25' title="bbox 252 2801 1319 2886; baseline -0.001 -16"><span class='ocrx_word' id='word_1_179' title='bbox 252 2821 400 2870; x_wconf 71' lang='lat' dir='ltr'>unomen</span> <span class='ocrx_word' id='word_1_180' title='bbox 422 2802 529 2886; x_wconf 92' lang='lat' dir='ltr'>populi</span> <span class='ocrx_word' id='word_1_181' title='bbox 544 2801 678 2866; x_wconf 88' lang='lat' dir='ltr'>Romani</span> <span class='ocrx_word' id='word_1_182' title='bbox 700 2802 939 2867; x_wconf 80' lang='lat' dir='ltr'>intellexissem.</span> <span class='ocrx_word' id='word_1_183' title='bbox 973 2803 1083 2885; x_wconf 91' lang='lat' dir='ltr'>paucis</span> <span class='ocrx_word' id='word_1_184' title='bbox 1104 2811 1180 2867; x_wconf 88' lang='lat' dir='ltr'>ante</span> <span class='ocrx_word' id='word_1_185' title='bbox 1205 2802 1319 2868; x_wconf 86' lang='lat' dir='ltr'>dicbus</span> 
     </span>
     <span class='ocr_line' id='line_1_26' title="bbox 286 2903 1320 2970; baseline -0.002 0"><span class='ocrx_word' id='word_1_186' title='bbox 286 2924 327 2970; x_wconf 87' lang='lat' dir='ltr'>ex</span> <span class='ocrx_word' id='word_1_187' title='bbox 349 2903 399 2969; x_wconf 91' lang='lat' dir='ltr'>his</span> <span class='ocrx_word' id='word_1_188' title='bbox 421 2905 532 2970; x_wconf 86' lang='lat' dir='ltr'>eastris</span> <span class='ocrx_word' id='word_1_189' title='bbox 553 2905 737 2970; x_wconf 85' lang='lat' dir='ltr'>Atrebatem</span> <span class='ocrx_word' id='word_1_190' title='bbox 761 2904 936 2970; x_wconf 84' lang='lat' dir='ltr'>Commium</span> <span class='ocrx_word' id='word_1_191' title='bbox 959 2903 1141 2970; x_wconf 88' lang='lat' dir='ltr'>discessisse</span> <span class='ocrx_word' id='word_1_192' title='bbox 1164 2904 1210 2968; x_wconf 85' lang='lat' dir='ltr'>ad</span> <span class='ocrx_word' id='word_1_193' title='bbox 1231 2906 1320 2970; x_wconf 86' lang='lat' dir='ltr'>auxi-</span> 
     </span>
     <span class='ocr_line' id='line_1_27' title="bbox 285 3005 1320 3092; baseline 0.002 -22"><span class='ocrx_word' id='word_1_194' title='bbox 285 3007 328 3071; x_wconf 89' lang='lat' dir='ltr'>lia</span> <span class='ocrx_word' id='word_1_195' title='bbox 350 3007 575 3073; x_wconf 83' lang='lat' dir='ltr'>Germanorum</span> <span class='ocrx_word' id='word_1_196' title='bbox 597 3005 795 3087; x_wconf 91' lang='lat' dir='ltr'>adducenda,</span> <span class='ocrx_word' id='word_1_197' title='bbox 819 3026 950 3088; x_wconf 91' lang='lat' dir='ltr'>qnorum</span> <span class='ocrx_word' id='word_1_198' title='bbox 973 3013 1005 3070; x_wconf 90' lang='lat' dir='ltr'>et</span> <span class='ocrx_word' id='word_1_199' title='bbox 1026 3007 1173 3072; x_wconf 89' lang='lat' dir='ltr'>vicinitas</span> <span class='ocrx_word' id='word_1_200' title='bbox 1195 3009 1320 3092; x_wconf 90' lang='lat' dir='ltr'>propin-</span> 
     </span>
    </p>
   </div>
   <div class='ocr_carea' id='block_1_3' title="bbox 144 3097 1320 3194">
    <p class='ocr_par' dir='ltr' id='par_1_8' title="bbox 144 3097 1320 3194">
     <span class='ocr_line' id='line_1_28' title="bbox 144 3097 1320 3194; baseline -0.005 -14"><span class='ocrx_word' id='word_1_201' title='bbox 144 3097 147 3102; x_wconf 52' lang='grc'><strong>’</strong></span> <span class='ocrx_word' id='word_1_202' title='bbox 252 3131 349 3194; x_wconf 83' lang='lat' dir='ltr'>equa</span> <span class='ocrx_word' id='word_1_203' title='bbox 371 3117 403 3176; x_wconf 90' lang='lat' dir='ltr'>et</span> <span class='ocrx_word' id='word_1_204' title='bbox 423 3108 589 3175; x_wconf 91' lang='lat' dir='ltr'>multitudo</span> <span class='ocrx_word' id='word_1_205' title='bbox 613 3116 696 3175; x_wconf 89' lang='lat' dir='ltr'>esset</span> <span class='ocrx_word' id='word_1_206' title='bbox 717 3109 852 3174; x_wconf 89' lang='lat' dir='ltr'>infinita.</span> <span class='ocrx_word' id='word_1_207' title='bbox 898 3109 1096 3176; x_wconf 89' lang='lat' dir='ltr'>constituisse</span> <span class='ocrx_word' id='word_1_208' title='bbox 1123 3117 1229 3176; x_wconf 91' lang='lat' dir='ltr'>autem</span> <span class='ocrx_word' id='word_1_209' title='bbox 1251 3112 1320 3176; x_wconf 92' lang='lat' dir='ltr'>Bel·</span> 
     </span>
    </p>
   </div>
   <div class='ocr_carea' id='block_1_4' title="bbox 253 3212 1321 3916">
    <p class='ocr_par' dir='ltr' id='par_1_9' title="bbox 253 3212 1321 3916">
     <span class='ocr_line' id='line_1_29' title="bbox 285 3212 1321 3300; baseline 0.003 -23"><span class='ocrx_word' id='word_1_210' title='bbox 285 3215 410 3279; x_wconf 86' lang='lat' dir='ltr'>lovacos</span> <span class='ocrx_word' id='word_1_211' title='bbox 426 3214 564 3278; x_wconf 91' lang='lat' dir='ltr'>omnium</span> <span class='ocrx_word' id='word_1_212' title='bbox 586 3212 763 3296; x_wconf 91' lang='lat' dir='ltr'>principum</span> <span class='ocrx_word' id='word_1_213' title='bbox 779 3232 943 3294; x_wconf 87' lang='lat' dir='ltr'>consensu,</span> <span class='ocrx_word' id='word_1_214' title='bbox 967 3233 1089 3278; x_wconf 90' lang='lat' dir='ltr'>summa</span> <span class='ocrx_word' id='word_1_215' title='bbox 1111 3214 1213 3297; x_wconf 88' lang='lat' dir='ltr'>plebis</span> <span class='ocrx_word' id='word_1_216' title='bbox 1237 3216 1321 3300; x_wconf 88' lang='lat' dir='ltr'>eupi-</span> 
     </span>
     <span class='ocr_line' id='line_1_30' title="bbox 287 3315 1320 3402; baseline 0.003 -22"><span class='ocrx_word' id='word_1_217' title='bbox 287 3316 394 3399; x_wconf 89' lang='lat' dir='ltr'>ditate,</span> <span class='ocrx_word' id='word_1_218' title='bbox 428 3316 465 3396; x_wconf 92' lang='lat' dir='ltr'>si,</span> <span class='ocrx_word' id='word_1_219' title='bbox 498 3322 534 3380; x_wconf 93' lang='lat' dir='ltr'>ut</span> <span class='ocrx_word' id='word_1_220' title='bbox 566 3315 732 3398; x_wconf 90' lang='lat' dir='ltr'>diceretur,</span> <span class='ocrx_word' id='word_1_221' title='bbox 764 3315 881 3381; x_wconf 80' lang='lat' dir='ltr'>Caesar</span> <span class='ocrx_word' id='word_1_222' title='bbox 910 3335 981 3380; x_wconf 90' lang='lat' dir='ltr'>cunr</span> <span class='ocrx_word' id='word_1_223' title='bbox 1011 3316 1110 3380; x_wconf 90' lang='lat' dir='ltr'>tribus</span> <span class='ocrx_word' id='word_1_224' title='bbox 1143 3316 1320 3402; x_wconf 91' lang='lat' dir='ltr'>legionibus</span> 
     </span>
     <span class='ocr_line' id='line_1_31' title="bbox 287 3417 1320 3500; baseline 0.002 -17"><span class='ocrx_word' id='word_1_225' title='bbox 287 3419 417 3500; x_wconf 89' lang='lat' dir='ltr'>veniret,</span> <span class='ocrx_word' id='word_1_226' title='bbox 448 3418 561 3484; x_wconf 88' lang='lat' dir='ltr'>offerre</span> <span class='ocrx_word' id='word_1_227' title='bbox 590 3438 625 3484; x_wconf 89' lang='lat' dir='ltr'>se</span> <span class='ocrx_word' id='word_1_228' title='bbox 646 3417 689 3483; x_wconf 91' lang='lat' dir='ltr'>ad</span> <span class='ocrx_word' id='word_1_229' title='bbox 712 3417 935 3500; x_wconf 90' lang='lat' dir='ltr'>dimicandum,</span> <span class='ocrx_word' id='word_1_230' title='bbox 959 3438 1000 3484; x_wconf 92' lang='lat' dir='ltr'>ne</span> <span class='ocrx_word' id='word_1_231' title='bbox 1022 3419 1183 3485; x_wconf 89' lang='lat' dir='ltr'>miseriore</span> <span class='ocrx_word' id='word_1_232' title='bbox 1205 3441 1244 3485; x_wconf 88' lang='lat' dir='ltr'>ac</span> <span class='ocrx_word' id='word_1_233' title='bbox 1266 3421 1320 3485; x_wconf 92' lang='lat' dir='ltr'>du-</span> 
     </span>
     <span class='ocr_line' id='line_1_32' title="bbox 286 3521 1321 3607; baseline 0.003 -20"><span class='ocrx_word' id='word_1_234' title='bbox 286 3523 367 3588; x_wconf 91' lang='lat' dir='ltr'>riore</span> <span class='ocrx_word' id='word_1_235' title='bbox 395 3528 507 3607; x_wconf 86' lang='lat' dir='ltr'>postea</span> <span class='ocrx_word' id='word_1_236' title='bbox 529 3521 713 3587; x_wconf 88' lang='lat' dir='ltr'>condicione</span> <span class='ocrx_word' id='word_1_237' title='bbox 735 3542 807 3587; x_wconf 90' lang='lat' dir='ltr'>cum</span> <span class='ocrx_word' id='word_1_238' title='bbox 829 3528 893 3587; x_wconf 92' lang='lat' dir='ltr'>toto</span> <span class='ocrx_word' id='word_1_239' title='bbox 917 3523 1058 3588; x_wconf 81' lang='lat' dir='ltr'>exercitu</span> <span class='ocrx_word' id='word_1_240' title='bbox 1081 3521 1243 3589; x_wconf 84' lang='lat' dir='ltr'>decertare</span> <span class='ocrx_word' id='word_1_241' title='bbox 1273 3544 1321 3590; x_wconf 87' lang='lat' dir='ltr'>co·</span> 
     </span>
     <span class='ocr_line' id='line_1_33' title="bbox 253 3623 1321 3711; baseline -0.002 -17"><span class='ocrx_word' id='word_1_242' title='bbox 253 3630 449 3710; x_wconf 71' lang='lat' dir='ltr'>agerentur,</span> <span class='ocrx_word' id='word_1_243' title='bbox 481 3623 508 3690; x_wconf 92' lang='lat' dir='ltr'>si</span> <span class='ocrx_word' id='word_1_244' title='bbox 534 3623 669 3690; x_wconf 90' lang='lat' dir='ltr'>maiores</span> <span class='ocrx_word' id='word_1_245' title='bbox 700 3624 806 3709; x_wconf 88' lang='lat' dir='ltr'>copias</span> <span class='ocrx_word' id='word_1_246' title='bbox 836 3624 1016 3707; x_wconf 88' lang='lat' dir='ltr'>adduceret,</span> <span class='ocrx_word' id='word_1_247' title='bbox 1047 3625 1080 3689; x_wconf 94' lang='lat' dir='ltr'>in</span> <span class='ocrx_word' id='word_1_248' title='bbox 1104 3646 1140 3692; x_wconf 90' lang='lat' dir='ltr'>eo</span> <span class='ocrx_word' id='word_1_249' title='bbox 1162 3627 1231 3694; x_wconf 89' lang='lat' dir='ltr'>loco</span> <span class='ocrx_word' id='word_1_250' title='bbox 1253 3646 1321 3711; x_wconf 92' lang='lat' dir='ltr'>per-</span> 
     </span>
     <span class='ocr_line' id='line_1_34' title="bbox 287 3726 1321 3812; baseline 0.002 -18"><span class='ocrx_word' id='word_1_251' title='bbox 287 3748 423 3809; x_wconf 89' lang='lat' dir='ltr'>manere,</span> <span class='ocrx_word' id='word_1_252' title='bbox 462 3747 554 3810; x_wconf 92' lang='lat' dir='ltr'>quem</span> <span class='ocrx_word' id='word_1_253' title='bbox 591 3726 800 3810; x_wconf 87' lang='lat' dir='ltr'>delegissent,</span> <span class='ocrx_word' id='word_1_254' title='bbox 837 3729 1040 3812; x_wconf 89' lang='lat' dir='ltr'>pabulatione</span> <span class='ocrx_word' id='word_1_255' title='bbox 1076 3735 1200 3812; x_wconf 90' lang='lat' dir='ltr'>autem,</span> <span class='ocrx_word' id='word_1_256' title='bbox 1239 3750 1321 3812; x_wconf 89' lang='lat' dir='ltr'>quae</span> 
     </span>
     <span class='ocr_line' id='line_1_35' title="bbox 287 3830 1321 3916; baseline 0.002 -20"><span class='ocrx_word' id='word_1_257' title='bbox 287 3837 413 3914; x_wconf 88' lang='lat' dir='ltr'>propter</span> <span class='ocrx_word' id='word_1_258' title='bbox 446 3830 522 3894; x_wconf 91' lang='lat' dir='ltr'>anni</span> <span class='ocrx_word' id='word_1_259' title='bbox 555 3836 680 3914; x_wconf 88' lang='lat' dir='ltr'>tempus</span> <span class='ocrx_word' id='word_1_260' title='bbox 711 3850 782 3896; x_wconf 91' lang='lat' dir='ltr'>cum</span> <span class='ocrx_word' id='word_1_261' title='bbox 816 3831 933 3916; x_wconf 84' lang='lat' dir='ltr'>exigua</span> <span class='ocrx_word' id='word_1_262' title='bbox 966 3838 1033 3896; x_wconf 91' lang='lat' dir='ltr'>tum</span> <span class='ocrx_word' id='word_1_263' title='bbox 1063 3831 1194 3897; x_wconf 86' lang='lat' dir='ltr'>disiecta</span> <span class='ocrx_word' id='word_1_264' title='bbox 1228 3839 1321 3911; x_wconf 89' lang='lat' dir='ltr'>esset,</span> 
     </span>
    </p>
   </div>
   <div class='ocr_carea' id='block_1_5' title="bbox 0 0 1484 4192">
    <p class='ocr_par' dir='ltr' id='par_1_10' title="bbox 0 0 1484 4192">
     <span class='ocr_line' id='line_1_36' title="bbox 0 0 1484 4192; baseline 0 0"><span class='ocrx_word' id='word_1_265' title='bbox 0 0 1484 4192; x_wconf 95' lang='lat' dir='ltr'> </span> 
     </span>
    </p>
   </div>
  </div>
 </body>
</html>
