2936 4192
498 271 607 329 GOMll.
625 273 663 328 11.
682 273 765 330 CAP.
783 275 927 330 IX-XII.
1186 260 1229 324 39

162 505 163 510 ,
196 464 259 530 qne
287 443 427 530 imperio,
458 465 530 511 cum
559 445 621 513 sibi
651 447 784 530 quisque
812 447 948 533 primum
975 447 1097 514 itineris
1125 448 1228 516 locum

194 554 319 634 peteret
340 554 373 614 et
394 547 522 614 domum
543 549 711 634 pervenire
725 555 916 636 properaret,
939 549 1092 636 fecemnt,
1107 557 1143 616 ut
1158 571 1228 618 con·

195 649 307 718 similis
328 649 424 736 fugae
445 651 599 736 profectio
620 649 788 717 videretur.
833 651 894 717 bac
919 671 955 718 rc
981 654 1087 719 statim
1111 653 1262 724 caesara

192 775 252 840 per
273 754 485 839 speculatores
507 755 635 840 cognita
655 753 788 821 insidias
810 755 939 840 veritus,
970 756 1063 842 quod,
1096 778 1159 841 qua
1187 757 1229 824 de

195 877 293 924 cansa
314 855 522 944 discederent,
545 857 686 924 nondum
707 865 923 943 perspexerat,
947 861 1121 926 exercitum
1144 863 1228 945 equi·

194 967 358 1044 totumque
388 961 499 1027 castris
528 961 691 1026 continuit.
736 961 839 1046 prima
870 963 941 1028 lucc
975 962 1159 1028 confirmata
1191 983 1262 1032 rce

136 1119 138 1123 .
194 1066 236 1131 ab
271 1065 534 1150 exploratoribus,
565 1083 691 1131 omnem
721 1065 905 1148 equitatum,
937 1067 991 1149 qui
1021 1067 1227 1132 novissimum

194 1187 312 1251 agmen
337 1172 524 1251 moraretur,
556 1167 726 1251 praemisit.
771 1167 822 1234 his
848 1169 1002 1247 Quintum
1028 1169 1162 1236 Pedium
1194 1177 1227 1236 ct

195 1267 328 1337 Lucium
352 1269 599 1336 Aurunculeium
626 1271 750 1337 Cottam
779 1272 901 1357 legatos
927 1271 1094 1358 praefecit;
1120 1273 1228 1340 'litum

194 1375 371 1442 Labienum
393 1376 533 1459 legatum
555 1395 627 1440 cum
648 1375 827 1458 legionibus
840 1376 942 1443 tribus
957 1376 1107 1459 subsequi
1125 1376 1225 1442 iussit.

195 1478 230 1544 bi
258 1478 447 1548 novissimos
475 1477 578 1543 adorti
607 1484 639 1544 ct
667 1478 767 1542 multa
788 1477 876 1544 milia
897 1498 1049 1563 passuum
1070 1479 1262 1564 prosecutio

195 1601 346 1666 magnam
378 1579 611 1646 multitudinem
645 1600 752 1646 eorum
785 1580 976 1665 fugientium
1013 1580 1226 1666 conciderunt,

197 1703 269 1750 cum
294 1685 336 1751 ub
363 1690 505 1749 extremo
531 1683 669 1768 agmine,
696 1682 739 1748 ad
766 1703 844 1766 quos
866 1689 997 1750 ventum
1024 1690 1100 1768 erat,
1130 1684 1228 1750 consi·

197 1792 316 1853 sterent
330 1785 515 1869 fortiterque
528 1786 681 1870 impetum
695 1792 871 1851 nostrorum
881 1787 1016 1851 militum
1027 1786 1226 1869 sustinerent,

196 1889 325 1975 priores,
353 1888 439 1973 quod
466 1891 579 1969 abesse
607 1909 628 1954 a
656 1889 794 1975 periculo
820 1888 1003 1954 viderentur
1031 1907 1135 1972 neque
1163 1889 1263 1959 ullas

196 1993 386 2060 necessitate
400 2011 504 2076 neque
518 1991 650 2078 imperio
669 1991 912 2073 continerentur,
929 1990 1077 2057 exaudito
1093 1991 1229 2057 clamore

196 2097 388 2183 perturbatis
409 2096 572 2163 ordinibus
593 2115 703 2162 omnes
724 2096 759 2161 in
780 2095 859 2180 iuga
880 2095 941 2161 sibi
962 2093 1156 2180 praesidium
1177 2115 1229 2180 po

197 2205 318 2266 nerent.
362 2199 408 2274 ita
437 2199 506 2266 sinc
534 2199 597 2265 ullo
625 2198 764 2284 periculo
785 2205 908 2264 tautam
931 2217 1038 2264 corum
1059 2197 1264 2266 multitudis

197 2322 273 2368 nem
294 2301 392 2368 nostri
412 2301 647 2386 interfecerunt,
670 2307 823 2385 quantum
843 2300 904 2366 luit
922 2300 987 2366 diei
1002 2301 1148 2386 spatium,
1170 2301 1230 2366 sub

198 2423 407 2487 occasumque
436 2404 511 2470 solis
540 2403 729 2470 destiterunt
758 2423 856 2488 seque
888 2404 923 2468 in
953 2410 1065 2489 castra,
1098 2410 1134 2470 ut
1163 2409 1230 2470 crat

198 2507 396 2591 imperatum,
419 2513 614 2593 receperunt.
816 2521 819 2527 ’

301 2610 375 2675 XII.
409 2608 564 2675 Postridie
587 2610 655 2676 eius
676 2609 740 2676 dici
770 2611 896 2696 Caesar,
918 2611 1101 2696 priusquam
1120 2629 1155 2677 se
1176 2608 1230 2674 ho
1249 2630 1263 2678 1

200 2718 265 2779 stes
287 2717 466 2778 exterrere
492 2731 531 2777 ac
551 2712 630 2797 fuga
650 2713 834 2798 reciperent,
857 2714 891 2778 in
913 2712 994 2778 fines
1015 2712 1228 2796 Suessionum,

200 2815 254 2899 qui
283 2815 419 2901 proximi
440 2815 556 2884 xRemis
586 2822 685 2901 erant,
719 2817 893 2882 exercitum
925 2815 1017 2882 duxit
1050 2821 1082 2883 ct
1114 2835 1230 2901 magno

189 2918 312 2999 ,itinere
335 2917 477 2983 confecto
498 2917 712 3004 ad'oppidum
733 2918 956 2985 Noviodunum
982 2917 1153 2986 contendit.
1196 2917 1264 2986 ida

201 3041 243 3087 ex
273 3021 386 3086 itinere
415 3041 598 3106 oppugnare
628 3028 767 3107 conatus,
797 3021 881 3106 quod
903 3041 1039 3087 vacuum
1060 3023 1101 3088 ab
1125 3020 1231 3086 defen-

201 3125 324 3190 soribus
346 3143 416 3190 esse
430 3123 590 3208 audiebat,
612 3131 741 3210 propter
753 3123 954 3190 latitudinem
969 3123 1074 3190 fossae
1088 3124 1231 3207 murique

201 3225 400 3292 altitudinem
421 3227 531 3312 paucis
554 3226 797 3294 defendentibus
819 3247 1004 3312 expugnare
1033 3247 1098 3292 non
1120 3227 1245 3312 potuit..

202 3328 313 3394 castris
333 3329 463 3394 munitis
485 3329 596 3394 vineas
622 3348 726 3414 agere,
750 3350 893 3414 quaeque
915 3329 957 3396 ad
983 3329 1265 3415 oppugnandumo

200 3433 272 3498 usui
301 3438 400 3516 crant,
431 3452 612 3518 comparare
641 3433 753 3517 coepit.
797 3433 923 3500 interim
952 3433 1054 3500 omnis
1084 3452 1127 3498 cx
1155 3431 1264 3517 lugat

202 3535 406 3603 Suessionum
436 3534 602 3601 multitudo
631 3535 666 3600 in
688 3535 838 3620 oppidum
867 3536 1012 3621 proxima
1040 3541 1133 3602 nocte
1161 3555 1231 3601 con-

201 3638 300 3705 venit.
345 3638 488 3703 celeriter
508 3638 611 3704 vineis
640 3637 683 3703 ad
711 3637 861 3722 oppidum
890 3639 979 3721 actis,
1009 3657 1127 3722 aggere
1148 3637 1264 3707 iactos

201 3741 402 3824 turribusque
424 3741 600 3806 constitutis
622 3740 840 3824 magnitudine
862 3760 1001 3824 operum,
1025 3759 1106 3822 quae
1127 3759 1231 3823 neque

202 3842 348 3910 viderant
369 3849 445 3908 ante
467 3842 549 3909 Galli
570 3863 674 3926 neque
695 3842 869 3927 audierant,
893 3849 925 3908 et
947 3842 1106 3908 celeritate
1120 3843 1231 3908 Roma
