<?xml version="1.0" encoding="UTF-8"?>
<!DOCTYPE html PUBLIC "-//W3C//DTD XHTML 1.0 Transitional//EN"
    "http://www.w3.org/TR/xhtml1/DTD/xhtml1-transitional.dtd">
<html xmlns="http://www.w3.org/1999/xhtml" xml:lang="en" lang="en">
 <head>
  <title>
</title>
<meta http-equiv="Content-Type" content="text/html;charset=utf-8" />
  <meta name='ocr-system' content='tesseract 3.04.00' />
  <meta name='ocr-capabilities' content='ocr_page ocr_carea ocr_par ocr_line ocrx_word'/>
</head>
<body>
  <div class='ocr_page' id='page_1' title='image "./commentariidebe00pramgoog_0124.png"; bbox 0 0 2966 4196; ppageno 0'>
   <div class='ocr_carea' id='block_1_1' title="bbox 469 205 1202 274">
    <p class='ocr_par' dir='ltr' id='par_1_1' title="bbox 469 205 1202 274">
     <span class='ocr_line' id='line_1_1' title="bbox 469 205 1202 274; baseline -0.007 -1"><span class='ocrx_word' id='word_1_1' title='bbox 469 217 576 274; x_wconf 81' lang='lat' dir='ltr'>COMM.</span> <span class='ocrx_word' id='word_1_2' title='bbox 589 218 623 274; x_wconf 87' lang='lat' dir='ltr'>V.</span> <span class='ocrx_word' id='word_1_3' title='bbox 644 218 726 272; x_wconf 78' lang='lat' dir='ltr'>cAP.</span> <span class='ocrx_word' id='word_1_4' title='bbox 739 218 899 274; x_wconf 87' lang='lat' dir='ltr'><strong>XLVI-L.</strong></span> <span class='ocrx_word' id='word_1_5' title='bbox 1139 205 1202 268; x_wconf 87' lang='lat'>109</span> 
     </span>
    </p>
   </div>
   <div class='ocr_carea' id='block_1_2' title="bbox 158 390 1252 3877">
    <p class='ocr_par' dir='ltr' id='par_1_2' title="bbox 158 390 1252 1404">
     <span class='ocr_line' id='line_1_2' title="bbox 158 390 1237 476; baseline 0.004 -18"><span class='ocrx_word' id='word_1_6' title='bbox 158 399 231 458; x_wconf 89' lang='lat' dir='ltr'>tum</span> <span class='ocrx_word' id='word_1_7' title='bbox 254 390 394 476; x_wconf 81' lang='lat' dir='ltr'>deligata</span> <span class='ocrx_word' id='word_1_8' title='bbox 415 391 498 456; x_wconf 89' lang='lat' dir='ltr'>intra</span> <span class='ocrx_word' id='word_1_9' title='bbox 520 391 728 456; x_wconf 91' lang='lat' dir='ltr'>munitionem</span> <span class='ocrx_word' id='word_1_10' title='bbox 748 396 918 456; x_wconf 90' lang='lat' dir='ltr'>castrorum</span> <span class='ocrx_word' id='word_1_11' title='bbox 941 391 1067 458; x_wconf 78' lang='lat' dir='ltr'>abiciat.</span> <span class='ocrx_word' id='word_1_12' title='bbox 1097 392 1130 456; x_wconf 92' lang='lat' dir='ltr'>in</span> <span class='ocrx_word' id='word_1_13' title='bbox 1152 393 1237 462; x_wconf 84' lang='lat' dir='ltr'>lite</span> 
     </span>
     <span class='ocr_line' id='line_1_3' title="bbox 159 492 1198 582; baseline 0.003 -23"><span class='ocrx_word' id='word_1_14' title='bbox 159 495 240 560; x_wconf 87' lang='lat' dir='ltr'>teris</span> <span class='ocrx_word' id='word_1_15' title='bbox 252 493 381 578; x_wconf 72' lang='lat' dir='ltr'>scribit,</span> <span class='ocrx_word' id='word_1_16' title='bbox 393 514 440 560; x_wconf 80' lang='lat' dir='ltr'>¹se</span> <span class='ocrx_word' id='word_1_17' title='bbox 455 514 526 560; x_wconf 91' lang='lat' dir='ltr'>cum</span> <span class='ocrx_word' id='word_1_18' title='bbox 544 493 723 578; x_wconf 82' lang='lat' dir='ltr'>legionibus</span> <span class='ocrx_word' id='word_1_19' title='bbox 738 492 914 578; x_wconf 91' lang='lat' dir='ltr'>profectum</span> <span class='ocrx_word' id='word_1_20' title='bbox 930 495 1072 560; x_wconf 81' lang='lat' dir='ltr'>celeriter</span> <span class='ocrx_word' id='word_1_21' title='bbox 1086 495 1198 582; x_wconf 86' lang='lat' dir='ltr'>affore;</span> 
     </span>
     <span class='ocr_line' id='line_1_4' title="bbox 160 597 1233 684; baseline 0.007 -22"><span class='ocrx_word' id='word_1_22' title='bbox 160 597 314 682; x_wconf 83' lang='lat' dir='ltr'><strong>hortatur,</strong></span> <span class='ocrx_word' id='word_1_23' title='bbox 337 604 373 662; x_wconf 93' lang='lat' dir='ltr'>ut</span> <span class='ocrx_word' id='word_1_24' title='bbox 394 597 559 682; x_wconf 81' lang='lat' dir='ltr'>pristinam</span> <span class='ocrx_word' id='word_1_25' title='bbox 581 597 730 662; x_wconf 87' lang='lat' dir='ltr'>virtutem</span> <span class='ocrx_word' id='word_1_26' title='bbox 751 597 895 662; x_wconf 82' lang='lat' dir='ltr'>retincat.</span> <span class='ocrx_word' id='word_1_27' title='bbox 943 597 1051 665; x_wconf 78' lang='lat' dir='ltr'>Gallus</span> <span class='ocrx_word' id='word_1_28' title='bbox 1078 599 1233 684; x_wconf 78' lang='lat' dir='ltr'>pericu-c</span> 
     </span>
     <span class='ocr_line' id='line_1_5' title="bbox 160 700 1237 785; baseline 0.006 -19"><span class='ocrx_word' id='word_1_29' title='bbox 160 701 229 766; x_wconf 93' lang='lat' dir='ltr'>lum</span> <span class='ocrx_word' id='word_1_30' title='bbox 251 701 381 784; x_wconf 88' lang='lat' dir='ltr'>veritus,</span> <span class='ocrx_word' id='word_1_31' title='bbox 403 707 439 765; x_wconf 92' lang='lat' dir='ltr'>ut</span> <span class='ocrx_word' id='word_1_32' title='bbox 461 706 528 766; x_wconf 87' lang='lat' dir='ltr'>erat</span> <span class='ocrx_word' id='word_1_33' title='bbox 556 707 768 785; x_wconf 85' lang='lat' dir='ltr'>praeceptum,</span> <span class='ocrx_word' id='word_1_34' title='bbox 793 700 949 783; x_wconf 76' lang='lat' dir='ltr'>tragulam</span> <span class='ocrx_word' id='word_1_35' title='bbox 970 702 1075 768; x_wconf 92' lang='lat' dir='ltr'>mittit.</span> <span class='ocrx_word' id='word_1_36' title='bbox 1120 702 1237 772; x_wconf 79' lang='lat' dir='ltr'>hoece</span> 
     </span>
     <span class='ocr_line' id='line_1_6' title="bbox 162 801 1200 886; baseline 0.001 -17"><span class='ocrx_word' id='word_1_37' title='bbox 162 824 240 870; x_wconf 85' lang='lat' dir='ltr'>casu</span> <span class='ocrx_word' id='word_1_38' title='bbox 262 803 305 868; x_wconf 90' lang='lat' dir='ltr'>ad</span> <span class='ocrx_word' id='word_1_39' title='bbox 326 803 437 869; x_wconf 90' lang='lat' dir='ltr'>turrim</span> <span class='ocrx_word' id='word_1_40' title='bbox 458 801 603 868; x_wconf 84' lang='lat' dir='ltr'>adhaesit</span> <span class='ocrx_word' id='word_1_41' title='bbox 623 823 726 886; x_wconf 90' lang='lat' dir='ltr'>neque</span> <span class='ocrx_word' id='word_1_42' title='bbox 748 803 790 868; x_wconf 88' lang='lat' dir='ltr'>ab</span> <span class='ocrx_word' id='word_1_43' title='bbox 812 803 927 870; x_wconf 87' lang='lat' dir='ltr'>nostris</span> <span class='ocrx_word' id='word_1_44' title='bbox 941 802 1038 870; x_wconf 92' lang='lat' dir='ltr'>biduo</span> <span class='ocrx_word' id='word_1_45' title='bbox 1058 804 1200 870; x_wconf 78' lang='lat' dir='ltr'>animad-</span> 
     </span>
     <span class='ocr_line' id='line_1_7' title="bbox 162 903 1199 993; baseline 0.002 -21"><span class='ocrx_word' id='word_1_46' title='bbox 162 927 258 973; x_wconf 84' lang='lat' dir='ltr'>versa</span> <span class='ocrx_word' id='word_1_47' title='bbox 280 906 372 972; x_wconf 90' lang='lat' dir='ltr'>tertio</span> <span class='ocrx_word' id='word_1_48' title='bbox 393 903 446 971; x_wconf 93' lang='lat' dir='ltr'>die</span> <span class='ocrx_word' id='word_1_49' title='bbox 467 926 488 971; x_wconf 84' lang='lat' dir='ltr'>a</span> <span class='ocrx_word' id='word_1_50' title='bbox 510 905 646 989; x_wconf 82' lang='lat' dir='ltr'>quodam</span> <span class='ocrx_word' id='word_1_51' title='bbox 669 906 767 972; x_wconf 90' lang='lat' dir='ltr'>milite</span> <span class='ocrx_word' id='word_1_52' title='bbox 790 906 990 992; x_wconf 76' lang='lat' dir='ltr'>conspicitur,</span> <span class='ocrx_word' id='word_1_53' title='bbox 1013 906 1143 993; x_wconf 84' lang='lat' dir='ltr'>dempta</span> <span class='ocrx_word' id='word_1_54' title='bbox 1156 907 1199 974; x_wconf 83' lang='lat' dir='ltr'>cd</span> 
     </span>
     <span class='ocr_line' id='line_1_8' title="bbox 164 1008 1236 1096; baseline 0.002 -19"><span class='ocrx_word' id='word_1_55' title='bbox 164 1011 349 1077; x_wconf 81' lang='lat' dir='ltr'>Ciceronem</span> <span class='ocrx_word' id='word_1_56' title='bbox 371 1008 519 1075; x_wconf 85' lang='lat' dir='ltr'>defertur.</span> <span class='ocrx_word' id='word_1_57' title='bbox 561 1009 614 1074; x_wconf 90' lang='lat' dir='ltr'>ille</span> <span class='ocrx_word' id='word_1_58' title='bbox 636 1010 807 1096; x_wconf 87' lang='lat' dir='ltr'>perlectam</span> <span class='ocrx_word' id='word_1_59' title='bbox 828 1010 863 1076; x_wconf 93' lang='lat' dir='ltr'>in</span> <span class='ocrx_word' id='word_1_60' title='bbox 886 1016 1044 1076; x_wconf 89' lang='lat' dir='ltr'>conventu</span> <span class='ocrx_word' id='word_1_61' title='bbox 1065 1011 1236 1079; x_wconf 82' lang='lat' dir='ltr'>militumc</span> 
     </span>
     <span class='ocr_line' id='line_1_9' title="bbox 161 1111 1252 1209; baseline 0.005 -31"><span class='ocrx_word' id='word_1_62' title='bbox 161 1113 276 1179; x_wconf 87' lang='lat' dir='ltr'>recitat</span> <span class='ocrx_word' id='word_1_63' title='bbox 297 1111 500 1196; x_wconf 84' lang='lat' dir='ltr'>maximaque</span> <span class='ocrx_word' id='word_1_64' title='bbox 522 1132 632 1179; x_wconf 91' lang='lat' dir='ltr'>omnes</span> <span class='ocrx_word' id='word_1_65' title='bbox 653 1113 775 1179; x_wconf 76' lang='lat' dir='ltr'>laetitia</span> <span class='ocrx_word' id='word_1_66' title='bbox 801 1112 909 1180; x_wconf 69' lang='lat' dir='ltr'>adficit.</span> <span class='ocrx_word' id='word_1_67' title='bbox 955 1119 1022 1209; x_wconf 78' lang='lat' dir='ltr'>tum</span> <span class='ocrx_word' id='word_1_68' title='bbox 1049 1113 1128 1178; x_wconf 88' lang='lat' dir='ltr'>furni</span> <span class='ocrx_word' id='word_1_69' title='bbox 1154 1113 1199 1178; x_wconf 93' lang='lat' dir='ltr'>in·</span> <span class='ocrx_word' id='word_1_70' title='bbox 1218 1135 1252 1184; x_wconf 86' lang='lat' dir='ltr'>ro</span> 
     </span>
     <span class='ocr_line' id='line_1_10' title="bbox 162 1213 1200 1301; baseline 0.002 -19"><span class='ocrx_word' id='word_1_71' title='bbox 162 1216 347 1282; x_wconf 87' lang='lat' dir='ltr'>cendiomm</span> <span class='ocrx_word' id='word_1_72' title='bbox 368 1215 477 1300; x_wconf 91' lang='lat' dir='ltr'>procul</span> <span class='ocrx_word' id='word_1_73' title='bbox 499 1213 697 1301; x_wconf 83' lang='lat' dir='ltr'>videbantur,</span> <span class='ocrx_word' id='word_1_74' title='bbox 722 1237 803 1300; x_wconf 90' lang='lat' dir='ltr'>quae</span> <span class='ocrx_word' id='word_1_75' title='bbox 825 1237 876 1284; x_wconf 91' lang='lat' dir='ltr'>res</span> <span class='ocrx_word' id='word_1_76' title='bbox 892 1237 1017 1284; x_wconf 91' lang='lat' dir='ltr'>omnem</span> <span class='ocrx_word' id='word_1_77' title='bbox 1034 1217 1200 1284; x_wconf 86' lang='lat' dir='ltr'>dubitatio</span> 
     </span>
     <span class='ocr_line' id='line_1_11' title="bbox 162 1317 751 1404; baseline 0 -20"><span class='ocrx_word' id='word_1_78' title='bbox 162 1339 237 1385; x_wconf 92' lang='lat' dir='ltr'>nem</span> <span class='ocrx_word' id='word_1_79' title='bbox 259 1317 417 1384; x_wconf 80' lang='lat' dir='ltr'>adventus</span> <span class='ocrx_word' id='word_1_80' title='bbox 438 1318 597 1402; x_wconf 85' lang='lat' dir='ltr'>legionum</span> <span class='ocrx_word' id='word_1_81' title='bbox 621 1319 751 1404; x_wconf 88' lang='lat' dir='ltr'>expulit.</span> 
     </span>
    </p>

    <p class='ocr_par' dir='ltr' id='par_1_3' title="bbox 163 1421 1237 3674">
     <span class='ocr_line' id='line_1_12' title="bbox 266 1421 1232 1508; baseline 0.004 -20"><span class='ocrx_word' id='word_1_82' title='bbox 266 1422 383 1488; x_wconf 88' lang='lat' dir='ltr'>XLIX.</span> <span class='ocrx_word' id='word_1_83' title='bbox 428 1421 509 1488; x_wconf 83' lang='lat' dir='ltr'>Galli</span> <span class='ocrx_word' id='word_1_84' title='bbox 535 1442 570 1486; x_wconf 89' lang='lat' dir='ltr'>re</span> <span class='ocrx_word' id='word_1_85' title='bbox 597 1422 723 1507; x_wconf 85' lang='lat' dir='ltr'>cognita</span> <span class='ocrx_word' id='word_1_86' title='bbox 749 1443 806 1508; x_wconf 91' lang='lat' dir='ltr'>per</span> <span class='ocrx_word' id='word_1_87' title='bbox 829 1424 1043 1508; x_wconf 83' lang='lat' dir='ltr'>exploratores</span> <span class='ocrx_word' id='word_1_88' title='bbox 1065 1425 1232 1492; x_wconf 85' lang='lat' dir='ltr'>obsidio-r</span> 
     </span>
     <span class='ocr_line' id='line_1_13' title="bbox 163 1524 1197 1611; baseline 0 -19"><span class='ocrx_word' id='word_1_89' title='bbox 163 1547 237 1592; x_wconf 91' lang='lat' dir='ltr'>nem</span> <span class='ocrx_word' id='word_1_90' title='bbox 260 1526 450 1610; x_wconf 91' lang='lat' dir='ltr'>relinquunt,</span> <span class='ocrx_word' id='word_1_91' title='bbox 472 1524 515 1590; x_wconf 81' lang='lat' dir='ltr'>nd</span> <span class='ocrx_word' id='word_1_92' title='bbox 530 1525 698 1592; x_wconf 80' lang='lat' dir='ltr'>Caesarem</span> <span class='ocrx_word' id='word_1_93' title='bbox 713 1527 858 1593; x_wconf 91' lang='lat' dir='ltr'>omnibus</span> <span class='ocrx_word' id='word_1_94' title='bbox 874 1527 972 1611; x_wconf 92' lang='lat' dir='ltr'>copiis</span> <span class='ocrx_word' id='word_1_95' title='bbox 994 1527 1197 1593; x_wconf 88' lang='lat' dir='ltr'>contendunt.</span> 
     </span>
     <span class='ocr_line' id='line_1_14' title="bbox 163 1629 1236 1698; baseline 0.004 -4"><span class='ocrx_word' id='word_1_96' title='bbox 163 1629 244 1694; x_wconf 79' lang='lat' dir='ltr'>baec</span> <span class='ocrx_word' id='word_1_97' title='bbox 267 1635 356 1693; x_wconf 86' lang='lat' dir='ltr'>erant</span> <span class='ocrx_word' id='word_1_98' title='bbox 377 1634 500 1694; x_wconf 82' lang='lat' dir='ltr'>armata</span> <span class='ocrx_word' id='word_1_99' title='bbox 521 1629 644 1694; x_wconf 86' lang='lat' dir='ltr'>circiter</span> <span class='ocrx_word' id='word_1_100' title='bbox 664 1629 752 1694; x_wconf 89' lang='lat' dir='ltr'>milia</span> <span class='ocrx_word' id='word_1_101' title='bbox 777 1630 852 1694; x_wconf 67' lang='lat' dir='ltr'>Lx·</span> <span class='ocrx_word' id='word_1_102' title='bbox 874 1629 983 1694; x_wconf 77' lang='lat' dir='ltr'>Gicero</span> <span class='ocrx_word' id='word_1_103' title='bbox 1006 1629 1082 1694; x_wconf 87' lang='lat' dir='ltr'>data</span> <span class='ocrx_word' id='word_1_104' title='bbox 1103 1629 1236 1698; x_wconf 78' lang='lat' dir='ltr'>facul-c</span> 
     </span>
     <span class='ocr_line' id='line_1_15' title="bbox 163 1729 1199 1814; baseline -0.002 -17"><span class='ocrx_word' id='word_1_105' title='bbox 163 1737 230 1797; x_wconf 87' lang='lat' dir='ltr'>tate</span> <span class='ocrx_word' id='word_1_106' title='bbox 257 1731 382 1797; x_wconf 80' lang='lat' dir='ltr'>Gallum</span> <span class='ocrx_word' id='word_1_107' title='bbox 407 1732 448 1797; x_wconf 87' lang='lat' dir='ltr'>ab</span> <span class='ocrx_word' id='word_1_108' title='bbox 477 1729 588 1796; x_wconf 91' lang='lat' dir='ltr'>eodem</span> <span class='ocrx_word' id='word_1_109' title='bbox 609 1731 792 1812; x_wconf 90' lang='lat' dir='ltr'>Verticone,</span> <span class='ocrx_word' id='word_1_110' title='bbox 820 1751 914 1814; x_wconf 93' lang='lat' dir='ltr'>quem</span> <span class='ocrx_word' id='word_1_111' title='bbox 947 1751 1042 1814; x_wconf 86' lang='lat' dir='ltr'>supra</span> <span class='ocrx_word' id='word_1_112' title='bbox 1072 1731 1199 1796; x_wconf 91' lang='lat' dir='ltr'>demon·</span> 
     </span>
     <span class='ocr_line' id='line_1_16' title="bbox 164 1832 1199 1918; baseline -0.001 -18"><span class='ocrx_word' id='word_1_113' title='bbox 164 1835 343 1916; x_wconf 83' lang='lat' dir='ltr'>stravimus,</span> <span class='ocrx_word' id='word_1_114' title='bbox 366 1834 490 1918; x_wconf 89' lang='lat' dir='ltr'>repetit,</span> <span class='ocrx_word' id='word_1_115' title='bbox 511 1834 565 1916; x_wconf 91' lang='lat' dir='ltr'>qui</span> <span class='ocrx_word' id='word_1_116' title='bbox 586 1834 708 1898; x_wconf 87' lang='lat' dir='ltr'>litteras</span> <span class='ocrx_word' id='word_1_117' title='bbox 722 1833 765 1898; x_wconf 86' lang='lat' dir='ltr'>ad</span> <span class='ocrx_word' id='word_1_118' title='bbox 780 1833 948 1899; x_wconf 81' lang='lat' dir='ltr'>Gaesarem</span> <span class='ocrx_word' id='word_1_119' title='bbox 963 1832 1098 1917; x_wconf 78' lang='lat' dir='ltr'>deferot3</span> <span class='ocrx_word' id='word_1_120' title='bbox 1114 1832 1199 1899; x_wconf 90' lang='lat' dir='ltr'>hunc</span> 
     </span>
     <span class='ocr_line' id='line_1_17' title="bbox 163 1935 1237 2021; baseline 0.001 -18"><span class='ocrx_word' id='word_1_121' title='bbox 163 1937 322 2021; x_wconf 79' lang='lat' dir='ltr'>admonet,</span> <span class='ocrx_word' id='word_1_122' title='bbox 355 1937 415 2002; x_wconf 90' lang='lat' dir='ltr'>iter</span> <span class='ocrx_word' id='word_1_123' title='bbox 444 1944 535 2003; x_wconf 86' lang='lat' dir='ltr'>caute</span> <span class='ocrx_word' id='word_1_124' title='bbox 565 1937 795 2020; x_wconf 86' lang='lat' dir='ltr'>diligenterque</span> <span class='ocrx_word' id='word_1_125' title='bbox 824 1935 934 2021; x_wconf 84' lang='lat' dir='ltr'>faciet;</span> <span class='ocrx_word' id='word_1_126' title='bbox 968 1937 1135 2021; x_wconf 88' lang='lat' dir='ltr'>perscribit</span> <span class='ocrx_word' id='word_1_127' title='bbox 1163 1938 1237 2004; x_wconf 84' lang='lat' dir='ltr'>ina</span> 
     </span>
     <span class='ocr_line' id='line_1_18' title="bbox 163 2039 1198 2125; baseline 0 -19"><span class='ocrx_word' id='word_1_128' title='bbox 163 2041 285 2125; x_wconf 92' lang='lat' dir='ltr'>litteris,</span> <span class='ocrx_word' id='word_1_129' title='bbox 308 2040 415 2106; x_wconf 89' lang='lat' dir='ltr'>hostes</span> <span class='ocrx_word' id='word_1_130' title='bbox 436 2041 478 2105; x_wconf 91' lang='lat' dir='ltr'>ab</span> <span class='ocrx_word' id='word_1_131' title='bbox 501 2060 536 2106; x_wconf 91' lang='lat' dir='ltr'>se</span> <span class='ocrx_word' id='word_1_132' title='bbox 552 2039 733 2106; x_wconf 89' lang='lat' dir='ltr'>discessisse</span> <span class='ocrx_word' id='word_1_133' title='bbox 753 2058 942 2122; x_wconf 87' lang='lat' dir='ltr'>omnemque</span> <span class='ocrx_word' id='word_1_134' title='bbox 963 2039 1005 2106; x_wconf 90' lang='lat' dir='ltr'>ad</span> <span class='ocrx_word' id='word_1_135' title='bbox 1028 2059 1100 2106; x_wconf 93' lang='lat' dir='ltr'>eum</span> <span class='ocrx_word' id='word_1_136' title='bbox 1122 2040 1198 2106; x_wconf 92' lang='lat' dir='ltr'>mul·</span> 
     </span>
     <span class='ocr_line' id='line_1_19' title="bbox 164 2141 1236 2227; baseline 0.004 -19"><span class='ocrx_word' id='word_1_137' title='bbox 164 2143 331 2210; x_wconf 90' lang='lat' dir='ltr'>titudinem</span> <span class='ocrx_word' id='word_1_138' title='bbox 355 2144 555 2210; x_wconf 88' lang='lat' dir='ltr'>convertisse.</span> <span class='ocrx_word' id='word_1_139' title='bbox 595 2143 708 2227; x_wconf 91' lang='lat' dir='ltr'>quibus</span> <span class='ocrx_word' id='word_1_140' title='bbox 722 2143 835 2210; x_wconf 89' lang='lat' dir='ltr'>litteris</span> <span class='ocrx_word' id='word_1_141' title='bbox 850 2141 973 2209; x_wconf 90' lang='lat' dir='ltr'>circiter</span> <span class='ocrx_word' id='word_1_142' title='bbox 986 2142 1091 2209; x_wconf 89' lang='lat' dir='ltr'>media</span> <span class='ocrx_word' id='word_1_143' title='bbox 1105 2149 1198 2210; x_wconf 93' lang='lat' dir='ltr'>nocte</span> <span class='ocrx_word' id='word_1_144' title='bbox 1215 2165 1236 2212; x_wconf 77' lang='lat' dir='ltr'>c</span> 
     </span>
     <span class='ocr_line' id='line_1_20' title="bbox 165 2246 1198 2329; baseline 0 -16"><span class='ocrx_word' id='word_1_145' title='bbox 165 2248 283 2314; x_wconf 76' lang='lat' dir='ltr'>Caesar</span> <span class='ocrx_word' id='word_1_146' title='bbox 303 2247 406 2312; x_wconf 84' lang='lat' dir='ltr'>allatis</span> <span class='ocrx_word' id='word_1_147' title='bbox 428 2267 500 2313; x_wconf 91' lang='lat' dir='ltr'>suos</span> <span class='ocrx_word' id='word_1_148' title='bbox 522 2247 599 2312; x_wconf 84' lang='lat' dir='ltr'>lacit</span> <span class='ocrx_word' id='word_1_149' title='bbox 613 2246 760 2314; x_wconf 91' lang='lat' dir='ltr'>certiores</span> <span class='ocrx_word' id='word_1_150' title='bbox 782 2266 898 2329; x_wconf 90' lang='lat' dir='ltr'>eosque</span> <span class='ocrx_word' id='word_1_151' title='bbox 920 2246 962 2312; x_wconf 88' lang='lat' dir='ltr'>ad</span> <span class='ocrx_word' id='word_1_152' title='bbox 984 2246 1198 2314; x_wconf 88' lang='lat' dir='ltr'>dimicandum</span> 
     </span>
     <span class='ocr_line' id='line_1_21' title="bbox 163 2349 1235 2440; baseline 0.004 -24"><span class='ocrx_word' id='word_1_153' title='bbox 163 2351 270 2416; x_wconf 88' lang='lat' dir='ltr'>animo</span> <span class='ocrx_word' id='word_1_154' title='bbox 292 2350 464 2416; x_wconf 86' lang='lat' dir='ltr'>confirmat.</span> <span class='ocrx_word' id='word_1_155' title='bbox 509 2357 633 2440; x_wconf 91' lang='lat' dir='ltr'>postero</span> <span class='ocrx_word' id='word_1_156' title='bbox 662 2349 715 2416; x_wconf 95' lang='lat' dir='ltr'>die</span> <span class='ocrx_word' id='word_1_157' title='bbox 743 2351 814 2416; x_wconf 91' lang='lat' dir='ltr'>lucc</span> <span class='ocrx_word' id='word_1_158' title='bbox 842 2351 945 2434; x_wconf 89' lang='lat' dir='ltr'>prima</span> <span class='ocrx_word' id='word_1_159' title='bbox 966 2357 1073 2417; x_wconf 86' lang='lat' dir='ltr'>movet</span> <span class='ocrx_word' id='word_1_160' title='bbox 1095 2357 1235 2420; x_wconf 81' lang='lat' dir='ltr'>castras</span> 
     </span>
     <span class='ocr_line' id='line_1_22' title="bbox 164 2453 1198 2538; baseline -0.001 -19"><span class='ocrx_word' id='word_1_161' title='bbox 164 2461 197 2520; x_wconf 89' lang='lat' dir='ltr'>ct</span> <span class='ocrx_word' id='word_1_162' title='bbox 223 2453 345 2519; x_wconf 90' lang='lat' dir='ltr'>circiter</span> <span class='ocrx_word' id='word_1_163' title='bbox 371 2453 457 2518; x_wconf 85' lang='lat' dir='ltr'>milia</span> <span class='ocrx_word' id='word_1_164' title='bbox 479 2473 629 2538; x_wconf 88' lang='lat' dir='ltr'>passuum</span> <span class='ocrx_word' id='word_1_165' title='bbox 652 2459 797 2537; x_wconf 86' lang='lat' dir='ltr'>quattuor</span> <span class='ocrx_word' id='word_1_166' title='bbox 818 2473 1003 2538; x_wconf 83' lang='lat' dir='ltr'>progressus</span> <span class='ocrx_word' id='word_1_167' title='bbox 1024 2459 1111 2519; x_wconf 76' lang='lat' dir='ltr'>trans</span> <span class='ocrx_word' id='word_1_168' title='bbox 1133 2455 1198 2519; x_wconf 85' lang='lat' dir='ltr'>val·</span> 
     </span>
     <span class='ocr_line' id='line_1_23' title="bbox 163 2555 1235 2640; baseline 0.001 -18"><span class='ocrx_word' id='word_1_169' title='bbox 163 2558 227 2622; x_wconf 91' lang='lat' dir='ltr'>lem</span> <span class='ocrx_word' id='word_1_170' title='bbox 257 2562 288 2622; x_wconf 92' lang='lat' dir='ltr'>et</span> <span class='ocrx_word' id='word_1_171' title='bbox 316 2555 419 2621; x_wconf 85' lang='lat' dir='ltr'>rivum</span> <span class='ocrx_word' id='word_1_172' title='bbox 449 2555 680 2622; x_wconf 91' lang='lat' dir='ltr'>multitudinem</span> <span class='ocrx_word' id='word_1_173' title='bbox 709 2555 846 2622; x_wconf 87' lang='lat' dir='ltr'>hostium</span> <span class='ocrx_word' id='word_1_174' title='bbox 876 2556 1084 2640; x_wconf 88' lang='lat' dir='ltr'>conspicatur.</span> <span class='ocrx_word' id='word_1_175' title='bbox 1130 2562 1235 2624; x_wconf 84' lang='lat' dir='ltr'>erato</span> 
     </span>
     <span class='ocr_line' id='line_1_24' title="bbox 164 2655 1195 2746; baseline -0.006 -21"><span class='ocrx_word' id='word_1_176' title='bbox 164 2659 273 2746; x_wconf 80' lang='lat' dir='ltr'>magni</span> <span class='ocrx_word' id='word_1_177' title='bbox 294 2659 424 2744; x_wconf 90' lang='lat' dir='ltr'>periculi</span> <span class='ocrx_word' id='word_1_178' title='bbox 446 2679 506 2740; x_wconf 89' lang='lat' dir='ltr'>res,</span> <span class='ocrx_word' id='word_1_179' title='bbox 529 2659 659 2724; x_wconf 83' lang='lat' dir='ltr'>tantulis</span> <span class='ocrx_word' id='word_1_180' title='bbox 682 2658 781 2743; x_wconf 91' lang='lat' dir='ltr'>copiis</span> <span class='ocrx_word' id='word_1_181' title='bbox 802 2658 910 2740; x_wconf 92' lang='lat' dir='ltr'>iniquo</span> <span class='ocrx_word' id='word_1_182' title='bbox 933 2658 1001 2722; x_wconf 92' lang='lat' dir='ltr'>loco</span> <span class='ocrx_word' id='word_1_183' title='bbox 1031 2655 1195 2741; x_wconf 87' lang='lat' dir='ltr'>dimicare;</span> 
     </span>
     <span class='ocr_line' id='line_1_25' title="bbox 164 2757 1195 2847; baseline -0.008 -17"><span class='ocrx_word' id='word_1_184' title='bbox 164 2771 241 2846; x_wconf 89' lang='lat' dir='ltr'>tum,</span> <span class='ocrx_word' id='word_1_185' title='bbox 275 2764 422 2847; x_wconf 86' lang='lat' dir='ltr'>quoniam</span> <span class='ocrx_word' id='word_1_186' title='bbox 455 2763 618 2828; x_wconf 91' lang='lat' dir='ltr'>obsidione</span> <span class='ocrx_word' id='word_1_187' title='bbox 650 2762 818 2827; x_wconf 87' lang='lat' dir='ltr'>liberatum</span> <span class='ocrx_word' id='word_1_188' title='bbox 848 2760 1032 2826; x_wconf 76' lang='lat' dir='ltr'>Ciceronem</span> <span class='ocrx_word' id='word_1_189' title='bbox 1066 2757 1195 2843; x_wconf 92' lang='lat' dir='ltr'>sciebat,</span> 
     </span>
     <span class='ocr_line' id='line_1_26' title="bbox 163 2862 1235 2950; baseline -0.003 -17"><span class='ocrx_word' id='word_1_190' title='bbox 163 2887 265 2950; x_wconf 80' lang='lat' dir='ltr'>aequo</span> <span class='ocrx_word' id='word_1_191' title='bbox 287 2866 393 2932; x_wconf 88' lang='lat' dir='ltr'>animo</span> <span class='ocrx_word' id='word_1_192' title='bbox 414 2865 637 2932; x_wconf 91' lang='lat' dir='ltr'>remittendum</span> <span class='ocrx_word' id='word_1_193' title='bbox 660 2864 700 2930; x_wconf 93' lang='lat' dir='ltr'>de</span> <span class='ocrx_word' id='word_1_194' title='bbox 717 2864 876 2931; x_wconf 89' lang='lat' dir='ltr'>celeritate</span> <span class='ocrx_word' id='word_1_195' title='bbox 892 2862 1102 2927; x_wconf 87' lang='lat' dir='ltr'>existimabat.</span> <span class='ocrx_word' id='word_1_196' title='bbox 1127 2881 1235 2930; x_wconf 77' lang='lat' dir='ltr'>con-r</span> 
     </span>
     <span class='ocr_line' id='line_1_27' title="bbox 165 2962 1198 3054; baseline -0.007 -19"><span class='ocrx_word' id='word_1_197' title='bbox 165 2970 246 3036; x_wconf 91' lang='lat' dir='ltr'>sedit</span> <span class='ocrx_word' id='word_1_198' title='bbox 268 2975 309 3054; x_wconf 91' lang='lat' dir='ltr'>et,</span> <span class='ocrx_word' id='word_1_199' title='bbox 333 2989 427 3052; x_wconf 86' lang='lat' dir='ltr'>quam</span> <span class='ocrx_word' id='word_1_200' title='bbox 450 2968 639 3052; x_wconf 85' lang='lat' dir='ltr'>aequissimo</span> <span class='ocrx_word' id='word_1_201' title='bbox 660 2968 729 3033; x_wconf 95' lang='lat' dir='ltr'>loco</span> <span class='ocrx_word' id='word_1_202' title='bbox 750 2972 863 3052; x_wconf 90' lang='lat' dir='ltr'>potest,</span> <span class='ocrx_word' id='word_1_203' title='bbox 897 2970 999 3030; x_wconf 84' lang='lat' dir='ltr'>cartre</span> <span class='ocrx_word' id='word_1_204' title='bbox 1026 2962 1198 3030; x_wconf 90' lang='lat' dir='ltr'>communit</span> 
     </span>
     <span class='ocr_line' id='line_1_28' title="bbox 164 3059 1198 3157; baseline -0.01 -18"><span class='ocrx_word' id='word_1_205' title='bbox 164 3081 260 3157; x_wconf 87' lang='lat' dir='ltr'>atque</span> <span class='ocrx_word' id='word_1_206' title='bbox 281 3059 454 3157; x_wconf 73' lang='lat' dir='ltr'>baccetsi</span> <span class='ocrx_word' id='word_1_207' title='bbox 477 3079 566 3137; x_wconf 86' lang='lat' dir='ltr'>erunt</span> <span class='ocrx_word' id='word_1_208' title='bbox 589 3072 707 3154; x_wconf 83' lang='lat' dir='ltr'>exigua</span> <span class='ocrx_word' id='word_1_209' title='bbox 733 3090 790 3154; x_wconf 90' lang='lat' dir='ltr'>per</span> <span class='ocrx_word' id='word_1_210' title='bbox 812 3089 855 3153; x_wconf 91' lang='lat' dir='ltr'>se,</span> <span class='ocrx_word' id='word_1_211' title='bbox 879 3068 936 3133; x_wconf 86' lang='lat' dir='ltr'>vix</span> <span class='ocrx_word' id='word_1_212' title='bbox 958 3067 1121 3132; x_wconf 90' lang='lat' dir='ltr'>hominum</span> <span class='ocrx_word' id='word_1_213' title='bbox 1142 3065 1198 3131; x_wconf 89' lang='lat' dir='ltr'>mi-</span> 
     </span>
     <span class='ocr_line' id='line_1_29' title="bbox 164 3170 1195 3261; baseline -0.007 -19"><span class='ocrx_word' id='word_1_214' title='bbox 164 3177 240 3242; x_wconf 94' lang='lat' dir='ltr'>lium</span> <span class='ocrx_word' id='word_1_215' title='bbox 263 3183 393 3261; x_wconf 90' lang='lat' dir='ltr'>septem,</span> <span class='ocrx_word' id='word_1_216' title='bbox 417 3175 602 3260; x_wconf 90' lang='lat' dir='ltr'>praesertim</span> <span class='ocrx_word' id='word_1_217' title='bbox 621 3173 716 3238; x_wconf 90' lang='lat' dir='ltr'>nullis</span> <span class='ocrx_word' id='word_1_218' title='bbox 736 3193 806 3237; x_wconf 90' lang='lat' dir='ltr'>curn</span> <span class='ocrx_word' id='word_1_219' title='bbox 822 3170 1067 3256; x_wconf 86' lang='lat' dir='ltr'>impedimentis,</span> <span class='ocrx_word' id='word_1_220' title='bbox 1090 3175 1195 3235; x_wconf 88' lang='lat' dir='ltr'>temen</span> 
     </span>
     <span class='ocr_line' id='line_1_30' title="bbox 164 3274 1197 3364; baseline -0.006 -19"><span class='ocrx_word' id='word_1_221' title='bbox 164 3280 320 3364; x_wconf 86' lang='lat' dir='ltr'>angustiis</span> <span class='ocrx_word' id='word_1_222' title='bbox 334 3280 465 3364; x_wconf 88' lang='lat' dir='ltr'>viarum,</span> <span class='ocrx_word' id='word_1_223' title='bbox 490 3299 584 3362; x_wconf 89' lang='lat' dir='ltr'>quam</span> <span class='ocrx_word' id='word_1_224' title='bbox 604 3277 744 3341; x_wconf 87' lang='lat' dir='ltr'>maxime</span> <span class='ocrx_word' id='word_1_225' title='bbox 766 3281 879 3359; x_wconf 88' lang='lat' dir='ltr'>potest,</span> <span class='ocrx_word' id='word_1_226' title='bbox 904 3274 1059 3339; x_wconf 86' lang='lat' dir='ltr'>contrabit</span> <span class='ocrx_word' id='word_1_227' title='bbox 1075 3294 1112 3340; x_wconf 90' lang='lat' dir='ltr'>eo</span> <span class='ocrx_word' id='word_1_228' title='bbox 1128 3294 1197 3340; x_wconf 93' lang='lat' dir='ltr'>con-</span> 
     </span>
     <span class='ocr_line' id='line_1_31' title="bbox 165 3378 1235 3466; baseline -0.006 -17"><span class='ocrx_word' id='word_1_229' title='bbox 165 3384 244 3466; x_wconf 92' lang='lat' dir='ltr'>silio,</span> <span class='ocrx_word' id='word_1_230' title='bbox 266 3389 301 3448; x_wconf 93' lang='lat' dir='ltr'>ut</span> <span class='ocrx_word' id='word_1_231' title='bbox 322 3383 357 3448; x_wconf 93' lang='lat' dir='ltr'>in</span> <span class='ocrx_word' id='word_1_232' title='bbox 378 3402 534 3448; x_wconf 88' lang='lat' dir='ltr'>summam</span> <span class='ocrx_word' id='word_1_233' title='bbox 556 3379 822 3464; x_wconf 90' lang='lat' dir='ltr'>contemptionem</span> <span class='ocrx_word' id='word_1_234' title='bbox 843 3378 986 3444; x_wconf 87' lang='lat' dir='ltr'>hostibus</span> <span class='ocrx_word' id='word_1_235' title='bbox 1008 3378 1124 3444; x_wconf 85' lang='lat' dir='ltr'>veniat.</span> <span class='ocrx_word' id='word_1_236' title='bbox 1151 3378 1196 3441; x_wconf 92' lang='lat' dir='ltr'>in·</span> <span class='ocrx_word' id='word_1_237' title='bbox 1214 3397 1235 3443; x_wconf 82' lang='lat' dir='ltr'>s</span> 
     </span>
     <span class='ocr_line' id='line_1_32' title="bbox 165 3481 1194 3570; baseline -0.01 -18"><span class='ocrx_word' id='word_1_238' title='bbox 165 3489 255 3552; x_wconf 88' lang='lat' dir='ltr'>terim</span> <span class='ocrx_word' id='word_1_239' title='bbox 283 3486 530 3570; x_wconf 87' lang='lat' dir='ltr'>speculatoribus</span> <span class='ocrx_word' id='word_1_240' title='bbox 555 3484 590 3550; x_wconf 93' lang='lat' dir='ltr'>in</span> <span class='ocrx_word' id='word_1_241' title='bbox 617 3503 726 3549; x_wconf 92' lang='lat' dir='ltr'>omncs</span> <span class='ocrx_word' id='word_1_242' title='bbox 752 3488 859 3568; x_wconf 87' lang='lat' dir='ltr'>partes</span> <span class='ocrx_word' id='word_1_243' title='bbox 882 3481 1020 3548; x_wconf 88' lang='lat' dir='ltr'>dimissis</span> <span class='ocrx_word' id='word_1_244' title='bbox 1043 3481 1194 3564; x_wconf 84' lang='lat' dir='ltr'>explorat,</span> 
     </span>
     <span class='ocr_line' id='line_1_33' title="bbox 165 3585 1035 3674; baseline -0.009 -18"><span class='ocrx_word' id='word_1_245' title='bbox 165 3610 226 3674; x_wconf 89' lang='lat' dir='ltr'>quo</span> <span class='ocrx_word' id='word_1_246' title='bbox 249 3587 500 3656; x_wconf 89' lang='lat' dir='ltr'>commodissime</span> <span class='ocrx_word' id='word_1_247' title='bbox 522 3588 635 3653; x_wconf 91' lang='lat' dir='ltr'>itinere</span> <span class='ocrx_word' id='word_1_248' title='bbox 657 3587 757 3653; x_wconf 90' lang='lat' dir='ltr'>valles</span> <span class='ocrx_word' id='word_1_249' title='bbox 779 3585 906 3652; x_wconf 88' lang='lat' dir='ltr'>transiri</span> <span class='ocrx_word' id='word_1_250' title='bbox 927 3585 1035 3670; x_wconf 89' lang='lat' dir='ltr'>possit.</span> 
     </span>
    </p>

    <p class='ocr_par' dir='ltr' id='par_1_4' title="bbox 165 3684 1235 3877">
     <span class='ocr_line' id='line_1_34' title="bbox 267 3684 1230 3774; baseline -0.007 -16"><span class='ocrx_word' id='word_1_251' title='bbox 267 3693 303 3758; x_wconf 93' lang='lat' dir='ltr'>L.</span> <span class='ocrx_word' id='word_1_252' title='bbox 341 3691 388 3757; x_wconf 85' lang='lat' dir='ltr'>Eo</span> <span class='ocrx_word' id='word_1_253' title='bbox 411 3689 462 3756; x_wconf 92' lang='lat' dir='ltr'>die</span> <span class='ocrx_word' id='word_1_254' title='bbox 484 3691 624 3774; x_wconf 86' lang='lat' dir='ltr'>parvulis</span> <span class='ocrx_word' id='word_1_255' title='bbox 648 3689 844 3773; x_wconf 89' lang='lat' dir='ltr'>equestribus</span> <span class='ocrx_word' id='word_1_256' title='bbox 866 3687 993 3773; x_wconf 90' lang='lat' dir='ltr'>proeliis</span> <span class='ocrx_word' id='word_1_257' title='bbox 1015 3684 1057 3750; x_wconf 90' lang='lat' dir='ltr'>ad</span> <span class='ocrx_word' id='word_1_258' title='bbox 1079 3703 1192 3766; x_wconf 86' lang='lat' dir='ltr'>aquam</span> <span class='ocrx_word' id='word_1_259' title='bbox 1216 3706 1230 3751; x_wconf 86' lang='lat' dir='ltr'>r</span> 
     </span>
     <span class='ocr_line' id='line_1_35' title="bbox 165 3786 1235 3877; baseline -0.009 -15"><span class='ocrx_word' id='word_1_260' title='bbox 165 3797 258 3863; x_wconf 88' lang='lat' dir='ltr'>factis</span> <span class='ocrx_word' id='word_1_261' title='bbox 279 3796 404 3877; x_wconf 90' lang='lat' dir='ltr'>utrique</span> <span class='ocrx_word' id='word_1_262' title='bbox 427 3813 496 3862; x_wconf 88' lang='lat' dir='ltr'>sese</span> <span class='ocrx_word' id='word_1_263' title='bbox 519 3812 576 3860; x_wconf 91' lang='lat' dir='ltr'>suo</span> <span class='ocrx_word' id='word_1_264' title='bbox 598 3794 666 3858; x_wconf 95' lang='lat' dir='ltr'>loco</span> <span class='ocrx_word' id='word_1_265' title='bbox 697 3793 867 3874; x_wconf 88' lang='lat' dir='ltr'>continent,</span> <span class='ocrx_word' id='word_1_266' title='bbox 896 3790 988 3874; x_wconf 81' lang='lat' dir='ltr'>Galli,</span> <span class='ocrx_word' id='word_1_267' title='bbox 1020 3786 1103 3872; x_wconf 89' lang='lat' dir='ltr'>quod</span> <span class='ocrx_word' id='word_1_268' title='bbox 1133 3807 1235 3852; x_wconf 76' lang='lat' dir='ltr'>amc</span> 
     </span>
    </p>
   </div>
   <div class='ocr_carea' id='block_1_3' title="bbox 0 0 1496 4196">
    <p class='ocr_par' dir='ltr' id='par_1_5' title="bbox 0 0 1496 4196">
     <span class='ocr_line' id='line_1_36' title="bbox 0 0 1496 4196; baseline 0 0"><span class='ocrx_word' id='word_1_269' title='bbox 0 0 1496 4196; x_wconf 95' lang='lat' dir='ltr'> </span> 
     </span>
    </p>
   </div>
  </div>
 </body>
</html>
