2966 4196
470 264 578 319 contr.
592 265 641 320 vr.
660 265 743 320 cae.
756 266 942 322 nur-xva
1162 227 1223 315 1'23

190 459 355 504 numemm
377 458 524 504 versuum
547 438 687 504 ediscere
708 438 863 505 dicuntur.
897 440 1004 523 itaque
1026 459 1127 506 annos
1149 433 1223 506 non·

189 542 268 606 nulli
290 542 419 606 moeros
447 542 482 606 in
511 540 678 626 disciplina
707 549 902 625 permanent.
948 563 1052 626 neque
1081 544 1222 610 fasceae

189 644 374 709 existimant
397 664 434 709 ca
456 644 567 709 litteris
590 642 751 726 mandare,
775 665 846 720 cum
868 645 902 710 in
924 647 1053 729 reliquis
1082 647 1148 712 fere
1178 669 1221 714 re

189 750 258 828 bue,
281 747 415 831 publicis
437 746 632 830 privatisque
654 747 838 829 rationibus,
855 749 984 814 Graccis
1006 751 1118 816 litteris
1134 759 1221 816 utan-

189 857 247 915 tur.
282 849 316 914 id
337 849 414 914 mihi
437 849 559 914 duabus
581 849 622 914 de
645 851 747 916 causis
769 851 942 916 instituisse
957 851 1113 934 videntur,
1137 855 1254 938 quoda

188 974 291 1036 neque
320 953 353 1016 in
376 953 505 1036 vulgum
535 952 734 1037 disciplinam
763 955 866 1030 efferri
896 956 996 1020 velint
1023 976 1126 1038 neque
1156 977 1218 1040 eos,

188 1059 242 1140 qui
272 1057 406 1137 discunt,
439 1057 551 1121 litteris
580 1056 714 1122 confisos
744 1057 848 1123 minus
877 1059 1046 1124 memoriae
1079 1059 1217 1148 studere;

187 1161 272 1244 quod
293 1161 360 1226 fere
389 1161 546 1244 plerisque
567 1159 691 1240 accidit,
722 1168 756 1224 ut
778 1160 935 1244 praesidio
958 1162 1129 1227 litterarum
1152 1163 1218 1230 dili-

186 1265 328 1349 gentiam
349 1263 383 1328 in
405 1262 611 1347 perdiscendo
633 1283 672 1328 ae
698 1265 880 1340 memoriam
910 1265 1079 1331 remittant.
1125 1268 1250 1352 inpri-rs

147 1397 150 1401 ·
186 1368 246 1432 mis
269 1366 328 1431 hoc
349 1367 459 1430 volunt
481 1365 679 1449 persuadere,
703 1387 767 1432 non
789 1367 916 1432 interire
938 1369 1070 1451 animas,
1098 1370 1154 1435 sed
1175 1373 1216 1437 ab

185 1471 256 1537 aliis
278 1476 501 1554 postmortem
523 1469 655 1547 transire
677 1468 719 1532 ad
748 1469 835 1549 alios,
865 1477 961 1551 atque
991 1471 1050 1537 hoc
1079 1474 1220 1540 maxime

184 1573 227 1639 ad
249 1574 396 1640 virtutem
419 1572 551 1637 excitari
573 1578 695 1657 putant,
718 1578 803 1636 metu
819 1573 927 1638 mortis
942 1575 1095 1656 neglecto.
1119 1578 1216 1643 multa
1234 1601 1249 1649 a

185 1683 348 1762 praeterea
369 1676 410 1740 de
432 1674 589 1742 sideribus
611 1681 706 1758 atquc
729 1695 836 1740 eorum
858 1683 953 1757 motu,
984 1675 1025 1742 de
1047 1678 1155 1742 mundi
1177 1701 1215 1746 ac

184 1789 336 1846 terrarum
358 1777 586 1862 magnitudine,
610 1777 650 1842 de
672 1797 775 1842 rerum
798 1785 919 1859 natura,
947 1778 988 1843 de
1010 1779 1139 1844 deorum
1161 1783 1215 1848 im·
1322 1845 1324 1848 ,

184 1883 361 1948 mortalium
375 1883 408 1946 vi
430 1903 468 1946 ac
490 1888 646 1966 potestate
668 1880 830 1964 disputant
846 1887 881 1945 et
898 1881 1054 1946 iuventuti
1076 1883 1212 1952 tradunt.

285 1986 356 2050 XV.
401 1985 543 2050 Alterum
575 2003 676 2067 genus
708 1990 756 2048 est
789 1984 938 2066 equitum.
984 1983 1027 2066 hi,
1062 2005 1132 2050 cum
1166 1995 1245 2059 est1

184 2110 257 2156 usus
290 2096 385 2171 atquc
414 2087 540 2170 aliquod
574 2088 689 2154 bellum
719 2086 830 2152 incidit
858 2125 901 2133 -
931 2087 1015 2170 quod
1043 2087 1110 2153 sere
1138 2097 1214 2157 ante

183 2193 327 2260 Caesaris
356 2191 529 2256 adventum
559 2190 727 2273 quotannis
757 2189 900 2255 accidere
929 2190 1060 2272 solebat,
1091 2193 1137 2256 uti
1158 2200 1213 2260 aut

181 2297 242 2380 ipsi
264 2295 394 2360 iniurias
416 2294 568 2359 inferrent
590 2300 646 2358 aut
667 2294 770 2359 illatas
799 2293 1017 2378 propulsarent
1038 2332 1082 2341 —
1104 2316 1212 2363 omnes

180 2401 214 2465 in
245 2399 327 2465 bello
349 2404 522 2478 versantur,
552 2404 648 2480 atque
677 2417 782 2462 eorum
813 2397 1002 2480 utquisque
1026 2403 1074 2462 cst
1095 2419 1244 2482 generet

180 2503 340 2590 copiisque
362 2493 583 2585 amplissimus,
613 2501 659 2565 ita
684 2501 833 2584 plurimos
856 2501 972 2565 circum
994 2520 1028 2565 se
1050 2504 1211 2568 ambactos

179 2607 372 2687 clientesque
405 2604 509 2669 habet.
562 2603 646 2667 hanc
678 2623 773 2667 unam
806 2603 941 2685 gratiam
974 2603 1210 2686 potentiamque

179 2715 343 2774 noverunt.

281 2811 367 2876 XVI.
412 2811 507 2875 Natio
535 2815 582 2874 est
604 2809 706 2874 omnis
728 2809 888 2874 Gallorum
909 2807 1079 2872 admedum
1101 2807 1208 2875 dedita
1228 2833 1239 2880 1

178 2915 381 2998 religionibus
402 2919 498 2996 atque
520 2913 560 2978 ob
584 2933 654 2978 eam
677 2931 813 2992 causam,
842 2911 895 2992 qui
919 2917 991 2975 sunt
1013 2911 1119 2976 affecti
1140 2933 1208 2994 gra
1226 2936 1241 2982 a

120 3024 126 3033 ’
180 3019 316 3084 rioribus
346 3016 464 3082 morbis
494 3015 609 3098 quique
638 3015 672 3078 in
702 3014 828 3098 proeliis
850 3013 1060 3097 periculisque
1083 3033 1207 3080 versan-

176 3129 235 3202 tur,
251 3127 306 3185 aut
321 3141 376 3204 pro
392 3119 528 3183 victimis
542 3118 684 3183 homines
700 3117 862 3181 immolant
877 3122 931 3180 aut
946 3135 980 3180 se
995 3116 1206 3185 immolaturos

177 3231 292 3290 vovent
315 3221 570 3303 administrisque
592 3220 634 3284 ad
658 3240 696 3285 ea
717 3218 870 3284 sacrificia
890 3217 1052 3284 druidibus
1068 3227 1205 3304 utuntur,

175 3326 269 3410 quod,
292 3346 348 3410 pro
370 3325 437 3389 vita
459 3323 594 3389 hominis
623 3323 685 3390 nisi
714 3322 850 3388 hominis
872 3322 939 3387 vita
960 3321 1119 3405 reddatur,
1142 3345 1238 3395 nona

175 3451 266 3516 posse
295 3429 424 3493 deorum
454 3427 674 3492 immortalium
704 3427 820 3493 numen
854 3424 972 3508 placari
1004 3426 1204 3508 arbitrantur,

174 3533 362 3617 publiceque
393 3528 533 3594 eiusdem
562 3529 688 3612 generis
718 3529 835 3594 habent
869 3527 1013 3592 instituta
1042 3529 1202 3594 sacrificia.

130 3655 133 3670 ¹
173 3636 227 3700 alii
250 3633 380 3699 immani
402 3630 619 3716 magnitudine
642 3633 808 3698 simulacra
829 3631 957 3713 habent,
982 3653 1112 3714 quorum
1135 3653 1237 3702 oon-4

174 3748 262 3804 texta
284 3735 455 3803 viminibus
477 3735 618 3799 membra
640 3735 722 3800 vivis
744 3734 923 3800 hominibus
946 3735 1116 3819 complent3
1140 3737 1204 3817 qui·
1280 3761 1283 3767 ·

174 3842 232 3907 bus
254 3838 414 3906 succensis
437 3837 640 3902 circumventi
662 3837 789 3901 flamma
808 3837 1029 3902 exanimantur
1051 3836 1200 3905 homines.
