2936 4192
410 203 413 207 ’
483 240 927 298 COMM.1V.0AP.X1-xlv.
1180 228 1219 290 71

182 421 300 479 nerato
333 413 482 494 deiectus,
513 411 616 495 quoad
649 413 759 497 potuit,
793 413 962 480 fortissime
991 415 1119 500 restitit3
1150 435 1255 483 cumo

185 517 422 580 circumventus
444 515 549 580 multis
571 516 753 582 vulneribus
774 517 913 602 acceptis
936 517 1101 584 cecidisset
1126 525 1222 602 atque

185 618 221 683 id
244 618 351 700 frater,
375 618 428 701 qui
450 619 512 682 iam
534 618 651 701 proeho
674 624 862 700 excesserat,
890 620 997 703 procul
1026 620 1222 688 animadver-

105 718 106 722 ’
188 721 290 802 tisset,
321 720 451 786 incitato
482 739 561 802 equo
590 739 625 785 se
655 719 796 786 hostibus
823 721 935 787 obtuht
961 728 1056 804 atque
1079 722 1223 788 interfec

188 831 241 888 tus
264 829 321 888 est.
570 811 572 818 ’

292 926 383 992 XIII.
428 927 496 991 Hoc
525 925 609 992 sacto
638 927 755 1010 proelio
785 927 902 992 Caesar
931 945 1034 1008 neque
1067 926 1131 991 iam
1160 929 1220 993 sibi
1243 953 1253 997 1

186 1029 310 1113 legatos
332 1027 506 1093 audiendos
529 1047 632 1110 neque
647 1028 846 1095 condiciones
868 1027 1070 1112 accipiendas
1092 1030 1220 1095 arbitra·

187 1133 282 1196 batur
311 1132 352 1196 ab
382 1129 431 1211 iis,
463 1130 515 1213 qui
545 1150 601 1214 per
622 1130 728 1196 dolum
749 1138 845 1214 atque
867 1130 998 1196 insidias
1020 1132 1120 1216 petita
1141 1153 1221 1216 pace

188 1235 271 1298 ultro
294 1233 410 1299 bellum
432 1233 626 1317 intulissent;
657 1240 842 1317 exspectare
864 1254 949 1315 vero,
979 1233 1054 1322 dum
1083 1234 1253 1306 hostiumr

188 1337 300 1420 copiae
322 1345 511 1420 augerentur
527 1335 746 1418 equitatusque
764 1343 981 1418 reverteretur,
1005 1358 1146 1404 summae
1168 1339 1218 1424 de·

188 1439 327 1504 mentiae
350 1459 419 1504 esse
441 1437 610 1518 iudicabat,
634 1443 666 1502 et
695 1439 821 1521 cognita
843 1438 1002 1504 Gallorum
1030 1439 1220 1523 infirmitate,
1240 1464 1255 1510 e

188 1549 343 1625 quantum
371 1541 435 1606 iam
463 1540 548 1625 apud
579 1560 632 1607 eos
662 1539 767 1606 hostes
797 1561 859 1605 uno
888 1543 1005 1626 proeho
1028 1545 1220 1609 auctoritatis

190 1651 297 1711 essent
319 1645 487 1725 consecuti,
511 1643 681 1727 sentiebat;
706 1643 818 1725 quibus
841 1642 883 1707 ad
906 1645 1036 1710 consiha
1067 1645 1221 1729 capienda

190 1746 269 1812 nihil
298 1747 392 1830 spatii
421 1745 561 1810 dandum
591 1745 801 1810 existimabat.
847 1745 896 1810 his
920 1747 1097 1812 constitutis
1126 1749 1255 1816 rebust

190 1857 223 1915 et
252 1849 380 1914 consiho
411 1869 481 1914 cum
511 1848 623 1932 legatis
654 1853 685 1912 ct
714 1853 878 1930 quaestore
908 1849 1146 1935 communicato,
1180 1872 1220 1916 ne

192 1972 285 2034 quem
314 1951 398 2016 diem
427 1971 554 2036 pugnae
582 1949 854 2034 praetermitteret,
885 1939 1150 2034 opportunissima
1171 1973 1219 2020 res

190 2054 314 2135 accidit,
338 2054 421 2137 quod
443 2052 593 2137 postridie
616 2052 682 2118 eius
704 2051 768 2117 diei
790 2072 883 2117 manc
903 2051 1014 2118 eadem
1037 2061 1069 2120 et
1090 2054 1218 2139 perfidia

192 2165 223 2222 et
245 2157 442 2222 simulatione
465 2156 513 2220 usi
536 2155 685 2220 Germani
707 2154 888 2237 frequentes
910 2156 1055 2223 omnibns
1077 2157 1255 2244 principi-o

193 2262 250 2325 bus
273 2259 504 2340 maioribusque
526 2265 604 2322 natu
625 2256 775 2323 adhibitis
797 2256 839 2321 ad
862 2277 934 2323 eum
956 2259 989 2323 in
1013 2266 1116 2325 castra
1131 2280 1220 2326 vene·

192 2368 273 2442 runt,
296 2361 397 2442 simul,
413 2367 447 2425 ut
462 2359 633 2441 dicebatur,
649 2359 697 2424 sui
712 2359 869 2444 purgandi
885 2381 989 2443 causa,
1013 2361 1096 2445 quod
1116 2371 1220 2428 contra

192 2471 286 2547 atque
310 2469 393 2528 esset
414 2462 533 2528 dictum
553 2461 658 2546 stipsi
673 2461 835 2545 petissent,
858 2464 1011 2546 proelium
1026 2464 1128 2548 pridie
1144 2485 1221 2531 com-

193 2567 360 2647 misissent,
383 2565 475 2630 simul
497 2570 541 2645 ut,
564 2563 687 2646 siquid
708 2571 847 2647 possent,
871 2563 911 2630 de
933 2564 1063 2631 indutiis
1086 2566 1221 2632 fallendo

193 2669 403 2752 impetrarent.
450 2686 527 2749 quos
553 2665 615 2732 sibi
637 2667 753 2732 Caesar
775 2666 895 2732 oblatos
917 2667 1056 2751 gavisus,
1087 2668 1156 2734 illos
1177 2689 1256 2737 reo

193 2771 285 2836 tineri
307 2770 411 2855 iussit,
435 2770 503 2854 ipse
526 2788 635 2834 omnes
651 2768 757 2852 copias
773 2768 883 2834 castris
906 2767 1016 2834 eduxit
1038 2770 1221 2853 equitatum-

194 2893 263 2956 que,
295 2872 378 2956 quod
407 2872 526 2938 recenti
555 2869 672 2956 proelio
698 2870 895 2954 perterritum
918 2891 987 2938 esse
1011 2871 1221 2954 existimabat,

193 2996 307 3062 agmen
330 2975 479 3058 subsequi
500 2975 599 3040 iussit.

295 3079 381 3144 XIV.
411 3078 489 3143 Acie
512 3076 625 3161 triplici
646 3075 790 3141 instituta
812 3083 843 3141 et
858 3076 999 3142 celeriter
1014 3082 1083 3142 octo
1103 3075 1221 3142 milium
1244 3097 1255 3144 r

193 3183 304 3248 itinere
327 3180 468 3247 confecto
491 3180 577 3266 prius
599 3177 641 3244 ad
663 3177 806 3270 hostium
821 3183 924 3243 castra
945 3178 1101 3263 pervenit,
1129 3198 1222 3261 quarn

194 3283 269 3368 quid
302 3290 448 3369 ageretur
477 3281 626 3350 Germani
659 3280 776 3346 sentire
808 3287 946 3366 possent.
992 3281 1046 3365 qui
1078 3281 1256 3347 omnibusa

194 3389 287 3453 rebus
316 3386 419 3452 subito
448 3383 603 3470 perterriti
633 3389 664 3448 et
693 3382 852 3448 celeritate
880 3382 1037 3449 adventus
1067 3383 1163 3449 nostri
1193 3390 1223 3449 et

194 3490 334 3556 discessu
356 3510 482 3568 suorum
504 3507 608 3571 neque
630 3485 752 3553 consilii
773 3485 912 3553 habendi
942 3507 1044 3569 neque
1066 3507 1154 3556 arma
1176 3505 1222 3552 ca·

194 3593 302 3680 piendi
317 3593 418 3677 spatio
433 3591 507 3657 dato
522 3591 753 3675 perturbantur,
774 3589 921 3674 copiasne
935 3588 1087 3654 adversus
1102 3587 1221 3653 hostem

194 3695 318 3778 ducere,
352 3715 394 3760 an
429 3701 531 3760 castra
561 3691 742 3774 defendere,
772 3712 815 3756 an
844 3689 921 3776 fuga
950 3690 1083 3755 salutem
1116 3695 1222 3774 petere

194 3804 376 3883 praestaret.
409 3817 538 3879 quorum
553 3795 645 3860 timor
661 3814 731 3859 oum
755 3793 879 3858 fremitu
902 3798 933 3858 et
955 3811 1106 3858 concursu
1128 3792 1255 3877 signi-a
