2936 4192
487 238 594 294 sonu.
608 238 657 291 1v.
676 237 758 292 cnr.
772 219 856 292 1'-v.
1151 223 1191 286 67

159 411 332 480 succedunt
354 411 439 493 Ubii,
462 431 592 495 quorum
614 409 674 476 fuit
697 409 809 475 civitas
830 411 936 494 ampla
958 416 1052 494 atque
1067 409 1191 492 florens,
1223 475 1224 478 ,

161 523 194 582 ut
216 521 264 580 est
284 521 393 598 captus
409 515 644 593 Germanorum,
668 518 699 578 et
713 512 806 598 paulo
822 519 896 577 sunt
912 511 1050 578 eiusdem
1068 512 1192 596 generis

160 617 271 684 ceteris
300 616 509 697 humaniores,
539 621 706 700 propterea
739 614 823 698 quod
851 614 997 680 Rhenum
1033 615 1193 698 attingunt

161 720 353 802 multumque
383 718 425 784 ad
455 737 508 784 eos
537 723 725 783 mercatores
747 717 905 782 ventitant
928 724 959 782 et
981 717 1041 800 ipsi
1064 724 1209 804 propter

161 821 424 906 propinquitatem
440 821 567 886 Gallicis
589 825 662 884 sunt
681 819 819 884 moribus
834 819 1013 886 assuefacti.
1027 897 1030 904 Ι
1047 819 1105 884 hos
1121 839 1192 884 oum
1210 841 1226 888 4

160 924 255 991 Suebi
282 925 388 988 multis
418 943 513 1008 saepe
542 922 634 989 bellis
657 922 779 1006 experti
802 927 930 1006 propter
950 921 1191 1005 amplitudinem

159 1027 409 1110 gravitatemque
432 1026 569 1091 civitatis
590 1026 706 1090 finibus
733 1025 891 1108 expellere
920 1045 983 1090 non
1006 1025 1191 1108 potuissent,

160 1134 263 1192 tamur
294 1128 465 1216 vectigales
495 1128 553 1193 sibi
584 1127 725 1193 iecerunt
754 1148 793 1192 ac
822 1127 918 1192 multo
945 1127 1125 1191 humiliores
1147 1127 1192 1190 in-

159 1230 373 1312 firmioresque
394 1229 592 1314 redegerunt.

261 1333 315 1397 IV.
360 1334 398 1397 In
421 1332 531 1397 eadem
555 1352 650 1397 causa
670 1332 798 1396 fuerunt
812 1332 959 1415 Usipetes
983 1338 1014 1397 et
1033 1331 1222 1412 Tencteris

158 1454 236 1517 quos
259 1454 354 1518 supra
376 1434 523 1515 diximus,
547 1435 600 1517 qui
617 1436 790 1519 complures
812 1455 913 1500 annos
929 1435 1102 1502 Sueborum
1126 1435 1191 1501 rim

159 1538 382 1618 sustinuerunt,
404 1536 446 1606 ad
469 1543 643 1602 extremum
666 1543 771 1602 tamen
794 1537 879 1620 agris
895 1537 1018 1620 expulsi
1034 1543 1065 1601 et
1087 1538 1192 1602 multis

158 1639 234 1704 locis
257 1637 445 1705 Germaniae
474 1640 643 1703 triennium
666 1640 774 1723 vagati
802 1638 845 1703 ad
874 1638 1019 1704 Rhenum
1042 1658 1192 1722 pervene-

159 1747 239 1806 runt.
279 1760 357 1824 quas
378 1741 524 1824 regiones
545 1741 684 1824 Menapii
706 1741 886 1806 incolebant
909 1747 940 1804 et
962 1740 1004 1804 ad
1026 1747 1191 1823 utramque
1210 1761 1224 1807 a

160 1844 258 1928 ripam
288 1843 426 1909 fluminis
455 1863 558 1927 agros,
588 1842 733 1907 aedificia
754 1843 903 1924 vicosque
933 1841 1108 1926 habebant;
1132 1842 1222 1911 sede

159 1952 267 2010 tantae
289 1945 497 2010 multitudinis
519 1944 606 2009 aditu
628 1945 783 2029 perterriti
802 1964 841 2009 ex
864 1945 904 2009 iis
923 1943 1085 2025 aedificiis,
1110 1964 1191 2027 quae

159 2053 245 2112 trans
275 2047 391 2112 flumen
421 2047 606 2128 habuerant,
636 2046 893 2131 demigraverunt
923 2053 954 2112 et
977 2047 1021 2112 ois
1044 2046 1191 2112 Rhenum

158 2149 318 2234 dispositis
339 2149 505 2234 praesidiis
529 2149 702 2215 Germanos
724 2151 859 2214 transire
881 2149 1100 2233 prohibebant.
1147 2151 1191 2214 illi
1211 2173 1225 2219 4

159 2253 264 2318 omnia
287 2253 419 2336 experti,
443 2272 514 2317 oum
528 2271 632 2333 neque
646 2252 679 2316 vi
702 2252 892 2318 contendere
906 2259 1033 2336 propter
1052 2253 1192 2337 inopiam

83 2385 87 2394 ·
159 2355 287 2418 navium
317 2373 420 2438 neque
450 2355 529 2418 olam
559 2354 692 2418 transire
721 2361 848 2438 propter
874 2355 1033 2420 custodias
1055 2356 1192 2440 Menapi-

158 2476 246 2521 orum
276 2463 415 2541 possent,
445 2455 559 2521 reverti
590 2477 624 2522 se
653 2457 686 2521 in
711 2477 784 2522 snas
811 2456 902 2522 sedes
923 2459 1131 2542 regionesque
1154 2459 1225 2526 sis

159 2558 356 2624 mnlaverunt
386 2564 418 2623 et
446 2557 540 2623 tridui
563 2559 648 2624 riam
677 2561 834 2643 progressi
863 2580 969 2625 rursus
996 2567 1192 2625 reverterunt

159 2667 252 2744 etque
279 2661 364 2726 omni
391 2661 451 2726 hoc
476 2661 588 2726 itinere
614 2682 679 2726 una
704 2667 797 2726 noete
819 2663 959 2744 equitatu
983 2662 1124 2726 confecto
1146 2663 1191 2726 in-

159 2763 240 2828 scios
261 2763 524 2846 inopinantesque
546 2763 708 2848 Menapios
730 2770 961 2848 oppresserunt,
986 2764 1038 2846 qui
1061 2763 1102 2828 de
1118 2764 1224 2832 Ger-o

159 2885 322 2931 manorum
352 2864 491 2930 discessu
521 2885 577 2949 per
607 2867 819 2950 exploratores
850 2867 996 2932 certiores
1023 2867 1098 2932 faeti
1122 2867 1191 2932 sine

159 2973 243 3032 metu
272 2973 360 3032 trans
389 2966 534 3032 Rhenum
563 2969 596 3032 in
627 2988 700 3034 suos
722 2969 809 3034 vicos
838 2969 1095 3052 remigraverant.
1140 2969 1225 3038 hisr

158 3070 331 3135 interfecds
361 3070 558 3152 navibusque
592 3091 697 3136 eorum
731 3072 901 3154 occupatis,
935 3073 1116 3156 priusquam
1152 3093 1191 3137 ea

159 3193 231 3257 pars
253 3173 478 3257 Menapiorum,
503 3193 583 3254 quae
606 3174 684 3238 citra
698 3174 843 3238 Rhenum
864 3180 939 3255 erat,
957 3175 1069 3238 certior
1090 3175 1189 3255 fieret,

158 3275 273 3340 flumen
297 3276 488 3340 transierunt
510 3281 605 3358 atque
627 3276 772 3342 omnibus
795 3295 900 3340 eorum
923 3276 1075 3342 aedificiis
1103 3298 1191 3342 occu·

159 3377 240 3460 patis
262 3377 414 3459 reliquam
436 3383 557 3460 partem
581 3379 693 3442 hiemis
716 3397 750 3443 se
773 3398 878 3442 eorum
907 3380 1004 3463 copiis
1034 3381 1188 3444 aluerunt.

261 3481 299 3544 V.
344 3481 402 3544 His
424 3479 463 3544 de
486 3480 579 3544 rebus
603 3481 719 3545 Gaesar
742 3477 853 3546 cdrtior
874 3481 977 3547 factus
1001 3489 1033 3547 et
1062 3481 1221 3549 infirmi-r

159 3587 255 3647 tatem
279 3583 436 3648 Gallorum
459 3583 586 3665 veritus,
617 3582 700 3664 quod
716 3590 789 3648 sunt
810 3578 842 3647 in
867 3585 1004 3649 consiliis
1028 3585 1189 3668 capiendis

159 3684 290 3749 mobiles
312 3691 343 3749 et
365 3685 455 3749 novis
478 3684 660 3769 plerumque
682 3685 776 3750 rebus
792 3685 928 3767 student,
951 3686 1029 3750 nihil
1044 3687 1094 3751 his
1110 3707 1189 3752 oom-

160 3786 344 3852 mittendum
368 3786 569 3851 existimavit.
617 3793 664 3851 est
686 3793 790 3851 autem
817 3788 876 3853 hoc
899 3789 1038 3853 Gallicae
1061 3809 1221 3859 consue-a

1000 3894 1034 3940 ᾖ*
