2936 4192
240 151 284 214 34
578 166 629 221 Dm
645 167 761 222 BELLO
779 167 941 225 GALLIOO

240 338 295 420 qui
316 336 359 403 ad
380 336 601 405 conducendos
622 337 767 406 hemines
787 339 954 408 facultates
982 341 1154 427 habebant,
1177 345 1273 428 vulgo

239 461 338 524 regna
360 440 602 526 occupabantur,
625 440 680 524 qui
702 441 808 508 minus
828 441 922 510 facile
945 464 1016 510 eam
1044 465 1113 512 rem
1141 445 1273 532 imperio

239 549 345 609 nostro
367 542 516 627 consequi
537 549 693 628 poterant.
1370 599 1373 604 ,

208 667 220 714 ι
341 646 384 712 II.
427 645 487 711 His
515 645 636 714 nuntiis
656 646 832 731 litterisque
859 655 1032 716 commotus
1054 651 1172 728 Caesar
1193 650 1273 718 duas

238 748 381 834 legiones
408 747 443 814 in
473 748 615 815 citeriore
645 749 748 816 Gallia
780 770 881 818 novas
913 752 1099 838 conscripsit
1130 759 1163 819 et
1194 754 1275 820 inita

239 857 369 937 aestate,
398 851 433 918 in
461 851 641 918 ulteriorem
664 851 799 919 Galliam
829 854 884 938 qui
912 853 1093 940 deduceret,
1120 854 1274 933 Quintum

205 975 221 1023 2
239 953 372 1022 Pedium
399 955 540 1040 legatum
561 953 655 1021 misit.
699 954 779 1040 ipse,
802 975 873 1022 cum
895 957 1031 1042 primum
1052 957 1160 1042 pabuli
1183 959 1274 1043 copia

205 1075 316 1125 nesse·
330 1057 494 1144 inciperet,
516 1055 559 1123 ad
581 1055 755 1124 exercitum
777 1057 874 1124 venit.
917 1058 973 1125 dat
994 1060 1157 1144 negotium
1179 1062 1274 1128 Seno

238 1159 333 1228 nibus
353 1160 546 1244 reliquisque
561 1159 669 1244 Gallis,
692 1160 747 1244 qui
768 1159 895 1226 finitimi
909 1161 1018 1246 Belgis
1040 1169 1140 1246 erant,
1162 1161 1210 1228 uti
1224 1181 1273 1247 ea,

240 1283 322 1346 quae
342 1262 430 1348 apud
451 1283 506 1329 eos
526 1268 687 1348 gerantur,
710 1269 903 1348 cognoscant
925 1283 1023 1347 seque
1044 1264 1085 1330 de
1106 1265 1158 1331 bis
1178 1265 1274 1332 rebus

205 1366 403 1434 scortiorem
425 1365 553 1432 saciant.
583 1365 618 1432 bi
639 1372 820 1432 constanter
842 1386 952 1433 omnes
966 1367 1193 1433 nuntiaverunt
1210 1389 1274 1433 ma

206 1489 222 1537 e
239 1489 300 1536 nus
321 1469 401 1554 cogi,
425 1469 599 1536 exercitum
619 1467 654 1534 in
675 1489 774 1535 unum
794 1469 898 1535 locum
921 1468 1064 1534 conduci.
1108 1475 1176 1534 tum
1197 1489 1273 1536 vero

127 1625 130 1630 ,
239 1570 449 1638 dubitandum
470 1592 534 1637 non
556 1570 760 1656 existimavit,
784 1572 860 1655 quin
881 1570 924 1638 ad
946 1591 1000 1637 eos
1015 1571 1272 1656 proficisceretur.

206 1698 222 1746 o
239 1694 274 1740 re
295 1674 501 1742 frumentaria
522 1680 703 1760 comparata
722 1679 825 1741 castra
839 1680 947 1740 movet
960 1673 1136 1758 diebusque
1151 1674 1275 1740 circiter

239 1777 419 1864 quindecim
440 1777 483 1844 ad
504 1777 585 1844 lines
605 1777 775 1862 Belgamm
797 1776 958 1864 pervenit

208 1907 220 1951 r
342 1883 401 1948 111.
445 1883 492 1948 Ilo
521 1901 593 1946 cum
622 1880 663 1947 de
690 1880 860 1966 improviso
887 1879 1081 1962 celeriusque
1102 1878 1189 1944 omni
1210 1879 1274 1963 opi-

239 1985 335 2050 nione
348 1984 499 2068 venisset,
514 1982 616 2067 Remi,
639 1983 694 2066 qui
715 1982 852 2069 proximi
867 1981 988 2048 Galbae
1011 2000 1052 2047 ex
1066 1980 1174 2064 Belgis
1189 1986 1273 2063 sunt,

240 2086 282 2153 ad
305 2107 377 2152 eum
398 2087 521 2170 legatos
542 2079 662 2152 Iccium
684 2091 717 2151 et
737 2083 1037 2168 Andecumborium,
1059 2083 1179 2168 primos
1201 2082 1274 2148 civi-

206 2213 221 2258 a
241 2189 324 2272 tatis,
347 2188 509 2271 miserunt,
533 2186 587 2270 qui
609 2185 760 2272 dicerent,
783 2206 818 2254 se
844 2206 964 2269 suaque
990 2186 1097 2252 omnia
1122 2185 1156 2250 in
1178 2184 1274 2250 fidem

239 2283 335 2374 atque
356 2289 390 2356 in
412 2294 600 2374 potestatem
622 2289 730 2374 populi
744 2289 879 2355 Romani
900 2289 1090 2374 permittere,
1113 2307 1218 2370 neque
1239 2307 1274 2353 se

240 2414 311 2459 eum
339 2391 449 2476 Belgis
477 2391 607 2474 reliquis
636 2392 832 2459 consensisse
859 2411 963 2473 neque
990 2397 1098 2457 contra
1123 2391 1274 2480 populum

206 2520 221 2566 e
239 2498 417 2562 Romanum
440 2492 629 2578 coniurasse,
652 2500 841 2579 paratosque
864 2512 934 2560 esse
949 2500 981 2560 et
995 2492 1122 2560 obsides
1144 2492 1220 2558 dare
1242 2498 1275 2557 et

240 2599 396 2684 imperata
416 2597 523 2662 lacere
546 2601 578 2660 et
599 2597 724 2682 oppidis
745 2598 886 2682 recipere
908 2603 940 2663 et
966 2596 1123 2662 frumento
1150 2596 1274 2662 ceteris·

206 2721 302 2786 4que
323 2702 418 2768 rebus
439 2700 564 2785 iuvare3
586 2699 724 2783 reliquos
746 2718 856 2765 omnes
876 2699 994 2784 Belgas
1015 2699 1049 2764 in
1075 2699 1171 2764 armis'
1193 2717 1273 2779 esse,

242 2805 487 2888 Germanosque,
517 2801 572 2886 qni
601 2802 646 2868 cis
668 2801 814 2866 Rhenum
845 2801 994 2885 incolant,
1024 2819 1095 2866 sese
1124 2799 1274 2874 cumbis

207 2931 222 2976 s
242 2907 454 2990 coniunxisse,
477 2911 665 2988 tantumque
688 2922 758 2969 esse
780 2921 887 2970 eorum
909 2903 1049 2968 omnium
1071 2901 1217 2984 furorem,
1239 2906 1275 2966 ut

242 3030 281 3074 ne
315 3007 501 3076 Suessiones
534 3005 671 3092 quidem,
705 3005 819 3070 fratres
848 3004 1162 3089 consanguineosque
1191 3022 1273 3086 suos,

243 3111 296 3195 qui
310 3109 422 3178 eodem
443 3109 512 3176 iure
534 3116 567 3176 et
579 3108 692 3176 iisdem
706 3107 831 3193 legibus
844 3113 982 3191 utantur,
997 3126 1095 3172 unum
1109 3105 1275 3190 imperium

244 3234 402 3297 unumque
427 3214 647 3297 magistratum
669 3231 740 3277 enm
765 3211 845 3295 ipsis
871 3209 1019 3293 habeant,
1042 3208 1201 3274 deterrere
1222 3227 1274 3292 po-

244 3315 368 3401 tuerint,
392 3317 468 3401 quin
492 3315 635 3381 cumbis
657 3314 880 3380 consentirent.

211 3443 224 3490 r
345 3420 400 3485 IV.
433 3419 512 3486 (lum
533 3418 574 3482 ab
596 3415 647 3483 his
669 3422 843 3501 quaereret,
867 3434 948 3498 quae
968 3415 1112 3481 civitates
1127 3419 1274 3498 quantae·

245 3541 305 3607 que
326 3521 361 3588 in
375 3522 471 3588 armis
486 3526 592 3586 essent
607 3525 639 3585 et
661 3519 736 3604 quid
758 3519 791 3584 in
814 3518 897 3584 bello
919 3523 1058 3602 possent,
1081 3515 1264 3601 sicreperie

245 3627 313 3690 bat:
327 3625 494 3710 plerosque
508 3622 625 3706 Belgas
640 3641 710 3688 esse
729 3627 812 3686 ortes
825 3620 868 3685 ‘ab
886 3617 1274 3700 Germanis'Rhenumquo

170 3805 171 3808 Ἴ
244 3727 416 3812 antiquitus
438 3724 597 3792 traductos
611 3730 738 3810 propter
752 3722 813 3788 loci
827 3721 1020 3786 fertilitatem
1035 3720 1080 3784 ibi
1096 3719 1274 3785 consedisse
