2966 4196
284 256 346 320 164
615 269 664 324 DE
682 267 798 324 Betis)
816 266 978 323 GALLIOO

280 441 384 509 Aedui
406 442 467 508 visi
488 441 530 508 ab
552 442 651 506 latere
673 440 789 506 nostris
807 445 925 524 aperto,
949 460 1028 523 quos
1043 440 1161 506 Caesar
1182 443 1223 507 ab
1239 440 1317 505 dex·

280 552 330 611 tra
351 551 441 630 parte
462 544 524 610 alio
546 563 680 609 ascensu
701 562 815 608 manus
837 541 1037 608 distinendae
1059 563 1156 609 cause
1174 544 1312 610 miserat.

102 647 105 654 ’
169 735 175 752 ¹
245 648 313 718 ahi
344 647 548 714 similitudine
577 667 734 712 armorum
756 645 962 710 vehementer
990 651 1113 712 nostros
1142 653 1315 732 perterrue-

279 757 361 835 runt,
384 770 423 816 ac
437 751 562 816 tametsi
578 748 699 815 dextris
717 747 857 814 humenis
872 748 1007 814 exsertis
1020 748 1315 814 animadverteban-

279 861 339 939 tur,
370 853 454 937 quod
482 854 608 938 insigne
636 857 822 937 pacatorum
853 871 923 918 esse
945 858 1120 933 consuerat,
1150 859 1258 917 tamen
1280 852 1316 917 id

280 959 384 1043 ipsum
406 957 455 1023 sui
476 956 608 1022 fallendi
631 976 726 1021 causa
747 955 863 1020 milites
884 956 926 1020 ab
949 953 1092 1021 hostibus
1119 954 1239 1020 sactum
1262 975 1316 1020 cx-

245 1062 472 1130 sistimabant.
512 1059 623 1125 eodem
642 1065 783 1143 tempore
801 1058 917 1124 Lucius
937 1058 1056 1124 Fabius
1075 1059 1224 1140 centurio,
1248 1059 1316 1142 qui-

281 1184 343 1246 que
372 1184 435 1228 una
464 1183 587 1228 murum
618 1160 835 1244 ascenderant,
867 1160 1071 1226 circumventi
1100 1167 1196 1244 atque
1220 1163 1315 1227 inter·

246 1287 264 1334 4
281 1267 356 1331 secti
372 1266 412 1331 de
426 1286 515 1331 muro
529 1264 826 1350 praecipitabantur.
842 1264 967 1328 Marcus
981 1263 1155 1348 Petronius,
1172 1263 1313 1330 eiusdem

280 1369 416 1454 legionis
445 1368 595 1450 centurio,
627 1387 698 1432 cum
724 1372 831 1450 portas
854 1365 1002 1430 excidere
1024 1373 1155 1432 conatus
1178 1373 1270 1448 esset,
1293 1388 1314 1432 a

281 1470 481 1536 multitudine
503 1490 671 1555 oppressus
693 1489 732 1533 ac
754 1469 815 1533 sibi
837 1467 1020 1552 desperans,
1043 1469 1149 1534 multis
1171 1471 1234 1534 iam
1249 1472 1317 1536 vul-

280 1575 410 1640 neribus
442 1575 581 1658 acceptis
613 1572 862 1656 manipularibus
895 1571 970 1655 suis,
1005 1571 1058 1654 qui
1091 1572 1180 1637 illum
1213 1575 1314 1639 secuti

282 1684 385 1743 erant:
409 1678 572 1762 qnoniam,
595 1676 707 1758 iuquIt‚
734 1697 781 1737 me
802 1696 872 1738 nna
901 1673 1061 1737 nobiscnm
1090 1696 1220 1739 servare
1248 1699 1315 1740 non

281 1804 419 1866 possam,
449 1791 572 1844 vestrae
602 1779 729 1865 quidem
762 1787 845 1841 certe
876 1777 962 1840 vitae
991 1779 1204 1864 prospiciam,
1235 1803 1315 1866 qnos

281 1883 462 1969 cupiditate
483 1883 608 1970 planiae
631 1881 792 1945 adductus
815 1880 852 1943 in
870 1881 1059 1964 pericnlum
1082 1881 1214 1946 dednni.
1260 1907 1315 1948 ooo

247 1987 363 2055 udam
378 1986 546 2071 facultate
567 1985 655 2050 uobis
678 1983 844 2048 consulite.
891 1984 983 2049 simul
1009 1984 1043 2048 in
1065 1983 1185 2051 medios
1207 1985 1318 2052 hostes

281 2091 392 2173 irrupit
428 2089 612 2172 duobusque
641 2087 815 2153 interfectis
848 2086 984 2169 reliquos
1012 2107 1033 2151 a
1062 2094 1153 2171 porta
1184 2089 1313 2172 paulum

247 2193 449 2262 osubmovit.
473 2192 660 2257 conantibus
674 2189 821 2255 auxiliari
841 2190 905 2255 suis
920 2189 1070 2274 frastra,
1093 2190 1205 2272 inquit,
1227 2213 1316 2256 meae

281 2295 366 2358 vitae
396 2295 566 2358 subvenire
592 2293 765 2379 conamini,
792 2314 883 2376 quem
909 2293 978 2356 iam
1003 2293 1138 2378 sanpnia
1167 2295 1316 2380 viresqne

284 2397 445 2480 deficiant.
485 2396 629 2483 proinde
652 2394 748 2472 abite,
773 2394 851 2458 dnm
873 2404 917 2457 eet
937 2393 1101 2478 facultas,
1128 2417 1241 2480 cosque
1268 2397 1316 2460 ad

284 2499 437 2586 topiariam
459 2500 604 2584 recipite.
639 2499 685 2563 ita
705 2517 853 2582 pugnans
874 2503 945 2581 post
966 2498 1095 2581 paulum
1118 2498 1254 2564 concidit
1275 2520 1317 2564 ac

282 2603 347 2668 suis
369 2603 462 2668 saluti
485 2602 553 2666 fuit.

250 2728 263 2774 r
385 2707 438 2772 LI.
482 2705 589 2772 Nostri
611 2723 682 2770 cum
703 2701 844 2785 undique
865 2709 1091 2787 premerentur,
1114 2704 1219 2769 XLVI
1236 2725 1315 2771 cen-

283 2810 457 2875 turi0nibus
489 2808 614 2874 amissis
644 2806 758 2872 deiecti
788 2811 861 2870 sunt
886 2805 964 2870 loco.
1010 2805 1066 2872 sed
1095 2806 1316 2872 intolerantius

283 2913 389 2978 Gallos
411 2912 614 2994 insequentes
634 2909 718 2993 legio
740 2908 865 2973 decima
885 2907 1032 2991 tardavit,
1057 2928 1138 2991 quae
1159 2930 1215 2993 pro
1242 2910 1314 2975 sub-

248 3014 363 3085 asidio
384 3015 479 3099 paulo
501 3013 648 3096 aequiore
669 3013 738 3077 loco
760 3010 951 3075 constiterat.
989 3009 1072 3075 hanc
1093 3031 1200 3077 rmsus
1221 3012 1313 3078 XIII.

282 3117 416 3199 legionis
439 3115 582 3181 cohortes
604 3120 806 3198 exceperunt,
830 3132 910 3195 quae
934 3132 975 3177 ex
1001 3113 1111 3178 castris
1140 3113 1318 3180 minoribus

284 3219 416 3284 eductae
439 3238 509 3282 cum
531 3218 602 3282 Tito
625 3215 734 3282 Sextio
756 3216 860 3300 legato
883 3221 1032 3299 ceperant
1053 3216 1156 3280 locum
1178 3217 1313 3301 superio

249 3341 360 3389 arem.
405 3321 561 3404 legiones,
592 3319 647 3383 ubi
676 3318 811 3403 primum
846 3318 1015 3402 planiciem
1048 3318 1234 3404 attigerunt,
1268 3320 1315 3384 in-

248 3446 266 3492 4
284 3423 373 3490 iestis
396 3429 503 3488 contra
524 3421 630 3488 hostes
651 3421 750 3505 signis
766 3421 979 3485 constiterunt.
1009 3421 1249 3505 Vercingetorix
1271 3423 1319 3488 ab

283 3525 442 3591 radIcibus
465 3525 552 3590 collis
575 3543 648 3589 suos
669 3523 753 3587 intra
774 3522 963 3588 munitiones
981 3521 1116 3588 reduxit.
1140 3543 1177 3590 eo
1193 3523 1245 3590 die
1259 3526 1316 3589 mi-

284 3630 355 3694 lites
377 3635 450 3694 sunt
471 3628 564 3711 paulo
587 3627 691 3691 minus
713 3625 907 3708 septingenti
929 3625 1106 3690 desiderati.

251 3752 266 3798 1
386 3731 455 3795 LII.
486 3731 614 3794 Postero
636 3727 687 3792 dic
710 3728 826 3792 Caesar
849 3728 994 3792 contione
1016 3727 1171 3793 advocata
1193 3731 1315 3794 temeri-

285 3838 383 3896 tatem
417 3829 683 3916 cupiditatemque
716 3829 850 3892 militum
883 3829 1100 3914 reprehendit,
1136 3829 1219 3911 quod
1253 3831 1320 3896 sibi
