2966 4196
278 170 320 263 80
614 215 797 270 nuusnno
815 215 975 270 cnuuroo

276 387 443 471 plerentur,
473 387 651 454 necessario
680 386 815 452 adversa
840 393 932 452 nocte
961 388 995 452 in
1017 389 1115 453 altum
1137 397 1305 473 provectae

275 489 488 554 continentem
520 490 686 574 petierunt.

245 615 253 656 r
376 592 498 656 XXIX.
536 591 657 656 Eadem
678 597 771 657 nocte
793 593 916 677 accidit,
939 599 974 657 ut
997 598 1080 658 esset
1102 593 1178 658 luna
1199 594 1303 678 plena,

274 695 328 776 qui
358 693 425 759 dies
454 695 625 760 maritimos
654 701 761 760 aestus
790 696 945 760 maximos
974 695 1008 759 in
1030 694 1157 762 Oceano
1180 696 1304 762 efficere

242 798 445 881 sconsuevit,
475 797 651 880 nostrisque
679 795 713 861 id
735 803 802 862 erat
831 798 1033 880 incognitum.
1078 797 1123 862 ita
1144 818 1207 863 uno
1229 804 1304 863 tem-

272 920 348 984 pore
378 906 409 965 et
439 901 549 984 longas
578 919 687 983 naves,
718 900 831 982 quibus
862 899 977 966 Caesar
1007 901 1180 965 exercitum
1206 907 1304 966 trans·

272 1003 460 1087 portandum
494 1008 657 1066 curaverat
690 1021 830 1084 quasque
870 1001 903 1066 in
940 1001 1063 1066 aridum
1100 1002 1302 1086 subduxerat,

272 1111 378 1170 aestus
401 1105 623 1188 compleverat,
647 1109 679 1168 et
701 1104 870 1188 onerarias,
887 1103 975 1187 ,quae
997 1104 1038 1168 ad
1060 1125 1191 1170 ancoras
1215 1112 1309 1191 crant

272 1208 439 1290 deligatae,
463 1212 635 1289 tempestas
657 1205 839 1290 afflictabat,
862 1226 965 1288 neque
987 1207 1051 1271 ulla
1072 1205 1186 1292 nostris
1208 1207 1303 1272 sacul-

239 1316 321 1377 atas
342 1315 398 1374 aut
420 1306 658 1374 administrandi
681 1313 736 1371 aut
757 1307 932 1372 auxiliandi
953 1307 1095 1373 dabatur.
1142 1311 1303 1394 compluri-

272 1413 330 1477 bus
352 1410 486 1475 navibus
508 1410 616 1475 fractis
638 1411 777 1493 reliquae
799 1431 870 1476 cum
883 1417 999 1476 ¹essent
1020 1411 1157 1497 funibus,
1180 1415 1302 1478 ancoris

265 1499 460 1597 'reliquisque
482 1512 685 1583 armamentis
706 1512 830 1578 amissis
856 1512 897 1577 ad
923 1513 1140 1596 navigandum
1165 1514 1300 1598 inutiles,

271 1638 396 1702 magna,
424 1615 458 1680 id
484 1615 567 1699 quod
593 1635 725 1682 neeesse
752 1622 819 1681 erat
844 1616 996 1700 accidere,
1024 1617 1119 1682 totius
1146 1618 1300 1683 exereitus

236 1720 462 1806 aperturbatio
495 1719 580 1784 facta
613 1725 669 1784 est.
714 1739 817 1802 neque
848 1720 932 1784 enim
960 1725 1060 1786 naves
1089 1728 1178 1786 erant
1209 1721 1299 1806 aliae,

270 1825 382 1908 quibus
403 1821 557 1906 reportari
578 1827 717 1906 possent,
742 1828 774 1886 et
796 1823 901 1886 omnia
923 1821 1062 1906 deerant,
1090 1844 1171 1906 quae
1193 1823 1242 1914 ad⁸
1256 1845 1301 1888 re-

269 1925 420 1992 ficiendas
442 1945 542 1989 naves
565 1930 654 1988 erant
675 1924 756 2008 usui,
780 1931 820 2007 et,
844 1924 929 2008 quod
955 1926 1099 1991 omnibus
1127 1919 1299 2011 constabat,

268 2028 400 2094 hiemari
429 2027 462 2091 in
493 2027 596 2092 Gallia
624 2033 776 2110 oportere,
808 2027 1000 2092 frumentum
1029 2028 1079 2093 his
1108 2029 1141 2093 in
1167 2030 1244 2095 locis
1266 2031 1298 2095 in

269 2132 405 2196 hiemem
427 2129 588 2213 provisum
610 2149 673 2194 non
697 2136 772 2193 erat.
1380 2213 1382 2218 Ι

240 2258 249 2302 ι
372 2233 476 2296 XXX.
513 2229 634 2306 Quibus
656 2232 750 2296 rebus
773 2231 906 2315 cognitis
927 2233 1085 2318 principes
1107 2235 1297 2320 Britanniae,

269 2335 322 2418 qui
348 2340 420 2420 post
446 2333 597 2418 proelium
626 2333 668 2396 ad
698 2333 866 2399 Caesarem
896 2343 1117 2420 convenerant,
1150 2339 1232 2402 iuter
1265 2359 1299 2404 sc

269 2437 420 2520 collocuti,
445 2434 652 2518 cum'equites
668 2443 699 2500 et
718 2457 818 2502 naves
833 2443 864 2501 et
878 2437 1068 2503 frumentum
1083 2441 1232 2506 Romanis
1248 2441 1298 2506 de-

182 2576 183 2580 =
269 2560 338 2606 esse
366 2539 585 2622 intellegerent
616 2543 647 2603 et
675 2539 867 2622 paucitatem
896 2541 1028 2606 militum
1057 2562 1098 2606 ex
1128 2551 1298 2609 castrorum

234 2666 249 2712 2
269 2643 441 2726 exiguitate
464 2649 698 2725 cognoscerent,
722 2663 802 2725 quae
817 2641 877 2707 hoc
892 2650 982 2707 erant
997 2645 1091 2708 etiam
1106 2647 1296 2729 angustiora,

268 2745 351 2830 quod
373 2743 440 2810 sine
462 2743 697 2827 impedimentis
720 2745 837 2810 Caesar
858 2745 999 2828 legiones
1020 2753 1295 2832 transportaverat,

268 2849 420 2932 optimum
442 2847 529 2911 factu
551 2865 621 2912 esse
644 2845 810 2930 duxerunt,
833 2848 1004 2914 rebellione
1031 2849 1115 2914 lacta
1141 2851 1296 2918 frumento

269 2957 506 3032 commeatuque
532 2955 654 3014 nostros
681 2949 848 3034 prohibere
875 2956 907 3016 et
927 2971 994 3016 rem
1015 2953 1048 3016 in
1071 2953 1208 3019 hiemem
1229 2975 1295 3038 pro·

268 3053 391 3136 ducere,
415 3051 499 3135 quod
520 3051 570 3117 his
592 3052 748 3135 superatis
762 3058 817 3116 aut
830 3053 933 3118 reditu
947 3054 1123 3143 interclusis
1138 3058 1294 3124 neminem

267 3161 377 3240 postea
406 3155 482 3219 belli
511 3153 668 3219 inferendi
694 3174 789 3220 causa
817 3155 851 3220 in
872 3157 1068 3224 Britanniam
1094 3161 1294 3227 transiturum

268 3256 476 3323 confidebant.
521 3256 628 3339 itaque
656 3277 763 3322 rursus
794 3257 1005 3324 coniuratione
1034 3259 1119 3325 facta
1144 3264 1295 3346 paulatim

268 3381 308 3426 cx
343 3361 452 3426 castris
485 3359 646 3425 discedere
678 3380 717 3426 ac
746 3381 818 3426 suos
848 3362 929 3426 clam
960 3383 1001 3427 ex
1030 3364 1114 3447 agris
1141 3365 1294 3431 deducere

267 3469 445 3548 coeperunt.

237 3593 247 3635 ι
369 3566 489 3630 XXXI.
535 3565 578 3629 At
608 3565 732 3649 Cacsar,
767 3566 825 3630 etsi
858 3567 998 3632 nondum
1030 3589 1136 3634 eorum
1166 3571 1294 3637 consilia

268 3673 467 3754 cognoverat,
498 3673 604 3733 tamen
634 3673 665 3733 et
695 3687 736 3731 ex
764 3674 879 3733 eventu
900 3671 1029 3736 navium
1051 3692 1177 3738 suarum
1200 3682 1231 3738 et
1253 3693 1293 3739 ex

268 3793 315 3858 eo,
338 3771 421 3856 quod
443 3770 569 3838 obsides
584 3769 660 3835 dare
674 3770 915 3858 intermiserant,
931 3773 998 3839 fore
1012 3774 1054 3860 id,
1071 3775 1154 3858 quod
1169 3777 1292 3860 accidit,
