2960 4192
373 233 479 290 COMM.
492 234 571 290 VIII.
591 234 672 288 CAP.
686 235 981 290 XXXIV-XXXIX.
1129 219 1191 283 205

157 403 263 486 missa,
295 410 329 468 at
352 404 525 470 Germanos
555 405 740 488 equitesque
766 405 1017 490 imprudentibus
1047 405 1192 472 omnibus

158 506 199 572 de
220 507 391 591 improviso
414 505 580 573 advolasse
603 508 818 591 proeliumque
841 508 1042 574 commisisse.
1073 528 1136 592 qua
1156 529 1225 578 ros

158 610 286 694 cognita
318 611 476 695 legionem
506 618 659 676 armatam
689 612 935 696 instructamque
965 611 1102 678 adducit.
1147 612 1193 677 ita

157 719 289 798 repente
319 714 465 780 omnibus
496 733 537 779 ex
566 715 709 798 partibus
732 715 823 798 signo
846 714 919 780 dato
941 716 1011 781 loca
1032 716 1193 800 superiora

157 817 333 901 capiuntur.
379 815 463 900 quod
485 817 540 883 ubi
563 817 686 902 accidit,
710 817 860 884 Germani
883 819 1066 902 equitesque
1092 819 1192 903 siguis

133 919 292 1002 'legionis
313 919 391 986 visis
413 919 690 986 vehementissime
712 921 912 1004 proeliantur.
959 920 1122 987 confestim
1145 941 1225 990 ooo

157 1022 265 1087 bortes
287 1019 428 1106 undique
450 1023 603 1107 impetum
633 1021 755 1088 faciunt
784 1023 991 1106 omnibusque
1016 1029 1072 1089 aut
1100 1023 1192 1088 inter-

157 1125 249 1190 sectis
272 1131 327 1190 ant
350 1126 450 1210 captis
473 1146 591 1208 magna
612 1125 731 1210 praeda
756 1126 927 1210 potiuntur.
973 1126 1094 1211 capitur
1122 1126 1191 1210 ipse

157 1249 194 1293 eo
219 1228 338 1312 proelio
360 1229 513 1313 Drappes.

261 1331 428 1396 XXXVII.
476 1331 628 1397 Caninius
650 1331 832 1398 felicissime
854 1352 888 1398 re
910 1339 1001 1416 gesta
1031 1333 1100 1399 sine
1129 1335 1191 1399 ullo
1212 1356 1223 1402 1

157 1453 261 1519 paene
284 1433 391 1499 militis
406 1434 537 1499 vulnere
551 1433 592 1498 ad
615 1434 806 1500 obsidendos
828 1435 1003 1520 oppidanos
1025 1437 1192 1502 revertitur

158 1545 352 1620 externoque
366 1535 456 1602 hoste
473 1535 586 1618 delet0‚
610 1537 697 1603 cuius
712 1539 823 1602 timore
837 1545 933 1602 antea
948 1537 1089 1603 dividere
1104 1558 1191 1623 prae·
1208 1559 1225 1612 a

157 1641 239 1706 sidia
262 1646 293 1705 et
315 1639 488 1706 munitione
511 1639 686 1724 oppidanos
709 1640 902 1706 circumdare
923 1640 1098 1725 prohibitus
1114 1648 1190 1724 erat,

157 1764 254 1828 opera
275 1743 416 1826 undique
438 1743 572 1828 imperat
594 1741 815 1808 administrari.
862 1744 950 1808 venit
979 1742 1090 1808 eodem
1120 1763 1224 1812 cuma

158 1847 224 1912 suis
247 1846 345 1931 copiis
371 1852 495 1930 postero
525 1845 577 1910 die
600 1846 698 1912 Gaius
719 1846 839 1910 Fabius
869 1852 1054 1930 partemque
1083 1845 1191 1930 oppidi

158 1950 253 2015 sumit
274 1948 315 2014 ad
338 1949 556 2016 obsidendum.

262 2054 445 2119 XXXVIII.
471 2053 588 2119 (laesar
608 2053 735 2118 interim
749 2054 789 2119 M.
806 2053 979 2118 Antonium
995 2059 1191 2135 quaestorem
1212 2075 1224 2122 1

159 2176 230 2221 oum
254 2156 432 2223 cohortibus
453 2157 514 2221 XV
535 2156 569 2222 in
591 2155 769 2222 Bellovacis
790 2156 947 2239 relisquit,
974 2177 1015 2220 ne
1038 2177 1101 2239 qua
1128 2177 1192 2222 rur-

158 2279 213 2325 sus
246 2280 398 2326 novorum
432 2260 631 2327 consiliorum
664 2260 888 2344 capiendorum
917 2260 1025 2344 Belgis
1058 2261 1192 2326 facultas

159 2362 294 2428 daretur.
328 2364 398 2448 ipse
420 2363 557 2446 reliquas
581 2363 726 2429 civitates
748 2363 824 2448 adit,
855 2363 981 2430 obsides
1010 2364 1225 2448 plu1·esim-2

158 2472 258 2550 perat,
281 2454 429 2532 timentes
452 2465 591 2530 omnium
613 2466 735 2531 animos
757 2467 969 2533 consolatione
992 2475 1091 2532 sanat.
1121 2487 1191 2532 cum
1210 2489 1226 2536 3

158 2569 191 2633 in
216 2568 371 2634 Carnutes
393 2569 542 2650 venisset,
567 2587 698 2650 quorum
719 2569 752 2632 in
776 2569 904 2634 civitate
926 2570 1085 2653 superiore
1112 2590 1192 2634 oom-

159 2672 313 2736 mentario
329 2671 446 2737 Caesar
469 2673 615 2755 exposuit
636 2671 760 2736 initium
782 2672 858 2737 belli
881 2691 951 2737 esse
973 2677 1084 2753 ortum,
1108 2670 1192 2753 quod

159 2774 327 2858 praecipue
350 2793 404 2840 eos
425 2779 552 2858 propter
575 2774 798 2838 conscientiam
821 2774 897 2840 facti
919 2775 1030 2840 timere
1052 2773 1192 2839 animad-

159 2878 312 2961 vertebat,
338 2897 398 2960 quo
422 2875 555 2942 celerius
578 2877 738 2942 civitatem
761 2878 871 2942 timore
893 2879 1049 2962 liberaret,
1080 2878 1192 2962 princi·

159 3000 232 3065 pem
256 2981 381 3046 sceleris
404 2981 486 3046 illius
509 2987 541 3045 et
564 2980 785 3046 concitatorem
814 2981 898 3065 belli,
923 2981 1120 3062 Gutruatnm,
1150 2979 1193 3046 ad

160 3084 348 3168 supplicium
371 3083 562 3169 depoposcit.
609 3084 662 3167 qui
685 3085 744 3149 etsi
770 3105 812 3150 ne
834 3085 956 3151 civibus
978 3084 1105 3168 quidem
1128 3085 1227 3154 suist

161 3206 203 3253 se.
218 3187 442 3270 committebat,
465 3194 572 3253 tamon
596 3187 738 3252 celeriter
760 3189 899 3254 omnium
929 3209 1004 3254 cura
1033 3188 1193 3272 quaesitus

160 3290 193 3355 in
217 3295 320 3355 castra
340 3289 530 3375 perducitur.
577 3291 698 3375 cogitur
720 3290 754 3355 in
777 3291 844 3356 eius
867 3291 1053 3376 supplicium
1077 3293 1227 3361 Caesare

161 3401 270 3458 contra
292 3413 382 3458 suam
404 3399 548 3460 naturam
572 3413 723 3459 concursu
745 3394 885 3458 maximo
907 3394 1050 3478 militum,
1081 3395 1135 3477 qui
1165 3394 1195 3459 ei

161 3498 269 3590 omnia
296 3497 435 3582 pericula
465 3503 497 3562 et
528 3496 716 3562 detrimenta
745 3496 819 3564 belli
847 3503 979 3581 accepta
1004 3497 1193 3581 referebant,

161 3599 242 3665 adeo
264 3606 299 3665 ut
321 3600 505 3666 verberibus
528 3600 744 3666 exanimatum
775 3620 887 3685 corpus
917 3599 1018 3665 sccmi
1040 3599 1193 3664 feriretur.

265 3703 418 3767 XXXIX.
468 3703 518 3769 lbi
551 3704 669 3770 crebris
700 3703 813 3768 litteris
847 3703 972 3770 Caninii
1004 3701 1040 3766 fit
1074 3702 1225 3787 certi0r‚t
1307 3712 1310 3718 '

162 3825 245 3887 quae
268 3804 307 3870 de
329 3807 491 3890 Drappete
514 3812 545 3871 ct
567 3807 712 3872 Lucterio
741 3813 833 3891 gesta
864 3813 978 3888 essent,
1010 3825 1133 3890 quoque
1162 3806 1195 3870 in
