2966 4196
454 237 561 292 GOMM.
575 237 638 292 VII.
647 238 741 325 .οᾼ1).
754 238 881 295 Iv-IX.
1127 225 1186 288 141

152 408 313 494 tiobroges
336 414 368 474 et
395 408 533 476 Gabalos
554 409 595 475 ab
619 410 760 494 numque
785 410 912 478 obsides
934 411 1049 497 accipit
1071 418 1104 478 et
1126 433 1189 478 ma

152 531 220 595 gna
241 517 350 578 coacta
371 531 468 578 manu
489 511 523 578 in
545 513 741 597 provinciam
762 515 945 580 Narbonem
966 535 1077 581 versus
1101 535 1189 600 erup

153 614 272 680 tionem
294 613 400 681 facere
422 614 592 680 contendit.
616 636 679 699 qua
700 618 896 683 renuntiata
911 618 1188 685 Caesaromnibus
1206 639 1222 686 a

154 715 292 782 consiliis
321 715 582 783 antevertendum
612 718 814 804 existimavit,
844 725 880 784 ut
908 720 1092 786 Narbonem
1120 738 1189 806 pro

152 819 353 886 ficisceretur.
399 839 529 886 eccum
551 821 701 906 venisset,
724 821 872 888 timentes
899 822 1071 904 confirmat,
1101 843 1223 906 praec

153 921 236 988 sidia
257 923 290 987 in
318 923 451 989 Rutenis
471 923 728 1008 provincialibus,
748 925 855 990 Volcis
876 925 1078 1008 Arecomicis,
1101 927 1189 992 Tolo-

154 1027 275 1093 satibus
298 1027 478 1110 circumque
499 1027 692 1110 Narbonem,
723 1048 804 1110 qnae
832 1029 902 1095 loca
929 1029 1073 1095 hostibus
1099 1035 1189 1094 erant

153 1129 297 1216 finitima,
330 1130 499 1214 constituit,
529 1137 652 1216 partem
681 1131 841 1216 copiarum
870 1151 913 1198 ex
934 1131 1098 1217 provincia
1119 1151 1222 1216 sup-c

154 1233 421 1318 plementumque,
455 1232 539 1318 quod
572 1253 614 1299 ex
643 1233 736 1299 Italia
764 1233 951 1319 adduxerat,
985 1235 1019 1300 in
1048 1234 1188 1319 Helvios,

155 1335 209 1417 qui
231 1335 311 1402 fines
333 1337 546 1402 Arvernorum
569 1337 764 1422 contingumt,
788 1338 957 1404 convenire
979 1338 1075 1404 iubet.

258 1440 346 1506 VIII.
384 1441 443 1507 His
464 1442 559 1506 rebus
582 1440 771 1526 comparatis
791 1460 935 1525 represso
957 1441 1022 1506 iam
1043 1440 1189 1508 Lucterio
1208 1461 1222 1509 1

154 1549 187 1608 et
208 1549 339 1628 remoto,
363 1543 447 1626 quod
467 1543 587 1608 intrare
608 1543 692 1608 intra
712 1542 872 1627 praesidia
897 1543 1106 1628 periculosum
1134 1563 1189 1627 pu·

154 1645 253 1730 tabat,
276 1646 309 1710 in
332 1646 462 1712 Helvios
483 1645 699 1731 proficiscitur.
746 1645 805 1711 etsi
831 1665 922 1712 mons
945 1647 1104 1730 Cevenna,
1136 1644 1223 1727 quia

154 1749 314 1815 Arvernos
341 1751 382 1816 ab
405 1749 528 1815 Helviis
555 1748 712 1832 discludit,
740 1747 906 1814 durissimo
940 1755 1081 1833 tempore
1112 1747 1190 1812 anni

155 1851 311 1917 altissima
331 1852 407 1918 nive
431 1853 492 1918 iter
512 1851 717 1937 impediebat,
738 1858 846 1917 tamen
870 1850 1014 1918 discussa
1034 1851 1109 1916 nive
1131 1869 1190 1916 sex

155 1955 189 2018 in
218 1954 417 2020 altitudinem
447 1955 565 2040 pedum
593 1962 690 2039 atque
718 1955 764 2020 ita
785 1955 846 2020 viis
874 1954 1043 2038 patefactis
1069 1971 1189 2020 summo

156 2057 290 2122 militnm
319 2057 433 2124 sudore
461 2057 504 2122 ad
532 2058 612 2124 fines
640 2059 852 2123 Arvernorum
877 2057 1030 2142 pervenit.
1076 2055 1223 2138 quibusa

155 2160 313 2244 oppressis
328 2160 573 2245 inopinantibus,
597 2161 681 2244 quod
703 2181 738 2227 se
754 2162 904 2227 Cevenna
925 2167 960 2226 ut
981 2180 1070 2225 muro
1091 2158 1190 2224 muni-

156 2268 205 2327 tos
236 2262 471 2347 existimabant,
498 2283 537 2328 ac
565 2284 607 2330 ne
637 2264 789 2348 singulari
818 2263 945 2347 quidem
967 2267 1117 2345 umquam
1138 2261 1191 2327 ho·

156 2365 234 2430 mini
265 2385 302 2432 eo
331 2371 472 2451 tempore
498 2367 574 2432 anni
603 2367 735 2432 semitae
756 2372 933 2451 patuerant,
957 2365 1115 2448 equitibus
1136 2365 1190 2428 im-

156 2475 255 2552 perat,
289 2475 333 2552 ut,
369 2489 463 2551 quam
495 2469 647 2535 latissime
679 2469 811 2553 possint,
841 2475 997 2553 vagentur
1031 2474 1063 2533 et
1096 2488 1190 2549 quam

156 2572 330 2636 maximum
352 2571 495 2637 hostibus
516 2578 665 2637 terrorem
684 2571 831 2636 inferant.
856 2571 997 2636 celeriter
1011 2569 1091 2634 haec
1105 2569 1224 2636 famas

143 2663 195 2738 'ac
224 2673 344 2739 nuntiis
373 2673 415 2738 ad
436 2673 728 2758 Vercingetorigem
757 2673 970 2758 perferumtur5
1001 2692 1095 2755 quem
1123 2669 1190 2755 pe'r-

157 2776 258 2841 territi
281 2796 390 2843 omnes
411 2777 547 2842 Arverni
570 2777 802 2842 circumsistunt
832 2782 927 2858 atque
959 2777 1133 2856 obsecrant,
1156 2780 1191 2838 ut

157 2878 222 2945 suis
243 2877 377 2946 fortunis
401 2880 543 2946 consulat
563 2899 626 2946 neu
649 2899 683 2945 se
705 2881 745 2945 ab
769 2878 911 2944 hostibus
927 2877 1021 2962 diripi
1043 2877 1189 2960 patiatur,

156 2983 342 3066 praesertim
372 3003 443 3048 cum
468 2981 576 3048 videat
605 3001 698 3047 omne
727 2980 769 3046 ad
799 3000 833 3046 se
854 2981 972 3045 bellum
993 2979 1189 3043 translatum.

158 3105 289 3168 quorum
311 3085 364 3151 ille
386 3086 532 3170 precibus
553 3090 713 3170 permotus
736 3089 839 3149 castra
854 3103 895 3148 ex
910 3081 1104 3164 Biturigibus
1126 3100 1223 3148 mos

157 3194 211 3253 vet
232 3188 265 3252 in
288 3189 448 3254 Arvernos
470 3208 589 3254 versus.

260 3291 317 3355 IX.
351 3292 395 3356 At
416 3279 535 3357 Caesar
557 3288 688 3356 biduum
709 3289 743 3354 in
765 3288 815 3354 his
837 3289 915 3366 locis
938 3293 1084 3370 moratus,
1109 3286 1191 3370 quod
1213 3311 1222 3355 1

157 3395 237 3459 haee
259 3392 299 3458 de
313 3393 572 3477 Vercingetorige
587 3411 646 3456 usu
660 3396 794 3457 ventura
809 3391 957 3476 opinione
978 3398 1191 3474 praeceperat,

158 3517 214 3580 per
237 3515 363 3560 caussam
386 3494 595 3580 supplementi
612 3493 831 3576 equitatusque
847 3492 980 3578 cogendi
995 3493 1036 3558 ab
1052 3492 1192 3557 exercitu

158 3597 300 3681 discedit,
323 3599 455 3662 Brutum
477 3597 711 3662 adulescentem
733 3595 782 3661 his
805 3597 903 3680 copiis
925 3595 1080 3680 praeficit3
1108 3594 1226 3662 hunos

159 3706 274 3781 monet,
296 3706 331 3765 ut
353 3700 387 3764 in
410 3719 519 3766 omnes
541 3706 647 3784 partes
677 3699 799 3782 equites
828 3719 923 3781 quam
949 3697 1100 3762 latissime
1126 3717 1193 3781 per.

159 3809 327 3886 vagentur,
363 3802 506 3867 daturum
542 3821 576 3867 sc
609 3821 751 3886 operam,
785 3822 826 3867 ne
858 3801 983 3886 longius
1016 3799 1118 3866 triduo
1151 3801 1192 3865 ab
