<?xml version="1.0" encoding="UTF-8"?>
<!DOCTYPE html PUBLIC "-//W3C//DTD XHTML 1.0 Transitional//EN"
    "http://www.w3.org/TR/xhtml1/DTD/xhtml1-transitional.dtd">
<html xmlns="http://www.w3.org/1999/xhtml" xml:lang="en" lang="en">
 <head>
  <title>
</title>
<meta http-equiv="Content-Type" content="text/html;charset=utf-8" />
  <meta name='ocr-system' content='tesseract 3.04.00' />
  <meta name='ocr-capabilities' content='ocr_page ocr_carea ocr_par ocr_line ocrx_word'/>
</head>
<body>
  <div class='ocr_page' id='page_1' title='image "./commentariidebe00pramgoog_0094.png"; bbox 0 0 2966 4196; ppageno 0'>
   <div class='ocr_carea' id='block_1_1' title="bbox 401 205 1194 278">
    <p class='ocr_par' dir='ltr' id='par_1_1' title="bbox 401 205 1194 278">
     <span class='ocr_line' id='line_1_1' title="bbox 401 205 1194 278; baseline -0.011 -3"><span class='ocrx_word' id='word_1_1' title='bbox 401 220 509 275; x_wconf 76' lang='lat' dir='ltr'><strong>cond.</strong></span> <span class='ocrx_word' id='word_1_2' title='bbox 523 221 571 276; x_wconf 90' lang='lat' dir='ltr'><strong>IV.</strong></span> <span class='ocrx_word' id='word_1_3' title='bbox 591 221 953 278; x_wconf 80' lang='lat' dir='ltr'><strong>GAP.xxlv-xxvl11.</strong></span> <span class='ocrx_word' id='word_1_4' title='bbox 1154 205 1194 267; x_wconf 70' lang='grc'><strong>79</strong></span> 
     </span>
    </p>
   </div>
   <div class='ocr_carea' id='block_1_2' title="bbox 158 391 1228 1503">
    <p class='ocr_par' dir='ltr' id='par_1_2' title="bbox 158 391 1228 972">
     <span class='ocr_line' id='line_1_2' title="bbox 159 391 1228 480; baseline 0.001 -21"><span class='ocrx_word' id='word_1_5' title='bbox 159 399 319 480; x_wconf 84' lang='lat' dir='ltr'><strong>spexerat,</strong></span> <span class='ocrx_word' id='word_1_6' title='bbox 343 392 393 458; x_wconf 93' lang='lat' dir='ltr'><strong>his</strong></span> <span class='ocrx_word' id='word_1_7' title='bbox 408 391 549 458; x_wconf 90' lang='lat' dir='ltr'><strong>subsidia</strong></span> <span class='ocrx_word' id='word_1_8' title='bbox 564 393 778 458; x_wconf 77' lang='lat' dir='ltr'><strong>submittebat.</strong></span> <span class='ocrx_word' id='word_1_9' title='bbox 809 392 916 477; x_wconf 82' lang='lat' dir='ltr'>nostri,</span> <span class='ocrx_word' id='word_1_10' title='bbox 940 393 1031 460; x_wconf 90' lang='lat' dir='ltr'><strong>simul</strong></span> <span class='ocrx_word' id='word_1_11' title='bbox 1051 393 1083 458; x_wconf 90' lang='lat' dir='ltr'><strong>in</strong></span> <span class='ocrx_word' id='word_1_12' title='bbox 1106 391 1228 460; x_wconf 81' lang='lat' dir='ltr'><strong>aridos</strong></span> 
     </span>
     <span class='ocr_line' id='line_1_3' title="bbox 158 494 1192 580; baseline -0.004 -19"><span class='ocrx_word' id='word_1_13' title='bbox 158 497 377 579; x_wconf 91' lang='lat' dir='ltr'><strong>constiterunt,</strong></span> <span class='ocrx_word' id='word_1_14' title='bbox 400 494 466 561; x_wconf 90' lang='lat' dir='ltr'><strong>suis</strong></span> <span class='ocrx_word' id='word_1_15' title='bbox 488 494 634 560; x_wconf 91' lang='lat' dir='ltr'><strong>omnibus</strong></span> <span class='ocrx_word' id='word_1_16' title='bbox 657 495 831 562; x_wconf 81' lang='lat' dir='ltr'><strong>consecutis</strong></span> <span class='ocrx_word' id='word_1_17' title='bbox 853 495 886 560; x_wconf 92' lang='lat' dir='ltr'><strong>in</strong></span> <span class='ocrx_word' id='word_1_18' title='bbox 909 494 1016 562; x_wconf 88' lang='lat' dir='ltr'><strong>hostes</strong></span> <span class='ocrx_word' id='word_1_19' title='bbox 1041 496 1192 580; x_wconf 89' lang='lat' dir='ltr'><strong>impeturn</strong></span> 
     </span>
     <span class='ocr_line' id='line_1_4' title="bbox 159 597 1193 682; baseline -0.001 -19"><span class='ocrx_word' id='word_1_20' title='bbox 159 597 303 663; x_wconf 87' lang='lat' dir='ltr'><strong>fecerunt</strong></span> <span class='ocrx_word' id='word_1_21' title='bbox 317 605 412 681; x_wconf 89' lang='lat' dir='ltr'><strong>atque</strong></span> <span class='ocrx_word' id='word_1_22' title='bbox 428 617 481 664; x_wconf 91' lang='lat' dir='ltr'><strong>eos</strong></span> <span class='ocrx_word' id='word_1_23' title='bbox 496 597 529 662; x_wconf 92' lang='lat' dir='ltr'><strong>in</strong></span> <span class='ocrx_word' id='word_1_24' title='bbox 551 597 660 682; x_wconf 87' lang='lat' dir='ltr'><strong>fugam</strong></span> <span class='ocrx_word' id='word_1_25' title='bbox 683 597 847 682; x_wconf 89' lang='lat' dir='ltr'><strong>dederunt,</strong></span> <span class='ocrx_word' id='word_1_26' title='bbox 870 617 973 682; x_wconf 86' lang='lat' dir='ltr'><strong>neque</strong></span> <span class='ocrx_word' id='word_1_27' title='bbox 987 599 1111 682; x_wconf 90' lang='lat' dir='ltr'><strong>longius</strong></span> <span class='ocrx_word' id='word_1_28' title='bbox 1126 615 1193 681; x_wconf 86' lang='lat' dir='ltr'><strong>pro</strong></span> 
     </span>
     <span class='ocr_line' id='line_1_5' title="bbox 158 699 1193 786; baseline -0.002 -20"><span class='ocrx_word' id='word_1_29' title='bbox 158 701 249 784; x_wconf 89' lang='lat' dir='ltr'><strong>sequi</strong></span> <span class='ocrx_word' id='word_1_30' title='bbox 272 705 451 786; x_wconf 88' lang='lat' dir='ltr'><strong>potuerunt,</strong></span> <span class='ocrx_word' id='word_1_31' title='bbox 475 699 559 783; x_wconf 92' lang='lat' dir='ltr'><strong>quod</strong></span> <span class='ocrx_word' id='word_1_32' title='bbox 581 701 702 784; x_wconf 84' lang='lat' dir='ltr'><strong>equites</strong></span> <span class='ocrx_word' id='word_1_33' title='bbox 725 720 849 766; x_wconf 91' lang='lat' dir='ltr'><strong>cursum</strong></span> <span class='ocrx_word' id='word_1_34' title='bbox 868 707 976 765; x_wconf 88' lang='lat' dir='ltr'><strong>tenere</strong></span> <span class='ocrx_word' id='word_1_35' title='bbox 994 706 1089 784; x_wconf 87' lang='lat' dir='ltr'><strong>atque</strong></span> <span class='ocrx_word' id='word_1_36' title='bbox 1111 699 1193 764; x_wconf 91' lang='lat' dir='ltr'><strong>insu·</strong></span> 
     </span>
     <span class='ocr_line' id='line_1_6' title="bbox 160 800 1195 888; baseline -0.003 -20"><span class='ocrx_word' id='word_1_37' title='bbox 160 805 223 868; x_wconf 86' lang='lat' dir='ltr'><strong>lam</strong></span> <span class='ocrx_word' id='word_1_38' title='bbox 246 821 360 888; x_wconf 86' lang='lat' dir='ltr'><strong>capere</strong></span> <span class='ocrx_word' id='word_1_39' title='bbox 381 822 443 868; x_wconf 91' lang='lat' dir='ltr'><strong>non</strong></span> <span class='ocrx_word' id='word_1_40' title='bbox 467 809 642 887; x_wconf 88' lang='lat' dir='ltr'><strong>potuerant.</strong></span> <span class='ocrx_word' id='word_1_41' title='bbox 687 802 748 868; x_wconf 92' lang='lat' dir='ltr'><strong>hoo</strong></span> <span class='ocrx_word' id='word_1_42' title='bbox 769 822 865 868; x_wconf 94' lang='lat' dir='ltr'><strong>unum</strong></span> <span class='ocrx_word' id='word_1_43' title='bbox 888 801 929 866; x_wconf 92' lang='lat' dir='ltr'><strong>ad</strong></span> <span class='ocrx_word' id='word_1_44' title='bbox 951 802 1113 886; x_wconf 88' lang='lat' dir='ltr'><strong>pristiuam</strong></span> <span class='ocrx_word' id='word_1_45' title='bbox 1136 800 1195 866; x_wconf 82' lang='lat' dir='ltr'><strong>ior-</strong></span> 
     </span>
     <span class='ocr_line' id='line_1_7' title="bbox 160 904 552 972; baseline -0.003 -2"><span class='ocrx_word' id='word_1_46' title='bbox 160 913 268 970; x_wconf 89' lang='lat' dir='ltr'><strong>tunam</strong></span> <span class='ocrx_word' id='word_1_47' title='bbox 293 906 419 972; x_wconf 83' lang='lat' dir='ltr'><strong>Caesari</strong></span> <span class='ocrx_word' id='word_1_48' title='bbox 444 904 552 970; x_wconf 86' lang='lat' dir='ltr'><strong>defuit.</strong></span> 
     </span>
    </p>

    <p class='ocr_par' dir='ltr' id='par_1_3' title="bbox 159 1007 1226 1503">
     <span class='ocr_line' id='line_1_8' title="bbox 263 1007 1225 1094; baseline -0.001 -20"><span class='ocrx_word' id='word_1_49' title='bbox 263 1009 398 1074; x_wconf 88' lang='lat' dir='ltr'>XXVII.</span> <span class='ocrx_word' id='word_1_50' title='bbox 443 1009 558 1074; x_wconf 88' lang='lat' dir='ltr'><strong>Hostes</strong></span> <span class='ocrx_word' id='word_1_51' title='bbox 587 1009 705 1093; x_wconf 86' lang='lat' dir='ltr'><strong>proelio</strong></span> <span class='ocrx_word' id='word_1_52' title='bbox 735 1008 882 1094; x_wconf 89' lang='lat' dir='ltr'><strong>superati,</strong></span> <span class='ocrx_word' id='word_1_53' title='bbox 913 1007 1004 1073; x_wconf 91' lang='lat' dir='ltr'><strong>simul</strong></span> <span class='ocrx_word' id='word_1_54' title='bbox 1033 1014 1127 1090; x_wconf 86' lang='lat' dir='ltr'><strong>atque</strong></span> <span class='ocrx_word' id='word_1_55' title='bbox 1157 1025 1225 1073; x_wconf 88' lang='lat' dir='ltr'><strong>ser</strong></span> 
     </span>
     <span class='ocr_line' id='line_1_9' title="bbox 159 1108 1192 1196; baseline -0.003 -20"><span class='ocrx_word' id='word_1_56' title='bbox 159 1131 203 1177; x_wconf 85' lang='lat' dir='ltr'><strong>ex</strong></span> <span class='ocrx_word' id='word_1_57' title='bbox 227 1111 304 1196; x_wconf 82' lang='lat' dir='ltr'><strong>fuga</strong></span> <span class='ocrx_word' id='word_1_58' title='bbox 325 1117 521 1195; x_wconf 88' lang='lat' dir='ltr'><strong>receperunt,</strong></span> <span class='ocrx_word' id='word_1_59' title='bbox 545 1112 651 1177; x_wconf 82' lang='lat' dir='ltr'><strong>statim</strong></span> <span class='ocrx_word' id='word_1_60' title='bbox 673 1111 715 1176; x_wconf 87' lang='lat' dir='ltr'><strong>ad</strong></span> <span class='ocrx_word' id='word_1_61' title='bbox 731 1112 897 1178; x_wconf 88' lang='lat' dir='ltr'><strong>Caesarem</strong></span> <span class='ocrx_word' id='word_1_62' title='bbox 913 1112 1034 1195; x_wconf 89' lang='lat' dir='ltr'><strong>legatos</strong></span> <span class='ocrx_word' id='word_1_63' title='bbox 1050 1108 1090 1174; x_wconf 93' lang='lat' dir='ltr'><strong>de</strong></span> <span class='ocrx_word' id='word_1_64' title='bbox 1112 1127 1192 1193; x_wconf 91' lang='lat' dir='ltr'><strong>pace</strong></span> 
     </span>
     <span class='ocr_line' id='line_1_10' title="bbox 159 1212 1192 1298; baseline -0.002 -20"><span class='ocrx_word' id='word_1_65' title='bbox 159 1215 326 1298; x_wconf 82' lang='lat' dir='ltr'><strong>miserunt3</strong></span> <span class='ocrx_word' id='word_1_66' title='bbox 349 1213 476 1280; x_wconf 92' lang='lat' dir='ltr'><strong>obsides</strong></span> <span class='ocrx_word' id='word_1_67' title='bbox 499 1213 635 1298; x_wconf 89' lang='lat' dir='ltr'><strong>daturos,</strong></span> <span class='ocrx_word' id='word_1_68' title='bbox 663 1234 806 1298; x_wconf 89' lang='lat' dir='ltr'><strong>quaeque</strong></span> <span class='ocrx_word' id='word_1_69' title='bbox 832 1215 1028 1298; x_wconf 85' lang='lat' dir='ltr'><strong>imperasset,</strong></span> <span class='ocrx_word' id='word_1_70' title='bbox 1056 1212 1192 1278; x_wconf 82' lang='lat' dir='ltr'><strong>facturos</strong></span> 
     </span>
     <span class='ocr_line' id='line_1_11' title="bbox 159 1315 1226 1402; baseline 0 -20"><span class='ocrx_word' id='word_1_71' title='bbox 159 1335 231 1382; x_wconf 86' lang='lat' dir='ltr'><strong>esse</strong></span> <span class='ocrx_word' id='word_1_72' title='bbox 253 1316 384 1402; x_wconf 83' lang='lat' dir='ltr'><strong>polliciti</strong></span> <span class='ocrx_word' id='word_1_73' title='bbox 407 1322 489 1382; x_wconf 91' lang='lat' dir='ltr'><strong>sunt.</strong></span> <span class='ocrx_word' id='word_1_74' title='bbox 534 1335 598 1380; x_wconf 88' lang='lat' dir='ltr'><strong>una</strong></span> <span class='ocrx_word' id='word_1_75' title='bbox 621 1337 690 1380; x_wconf 92' lang='lat' dir='ltr'><strong>cum</strong></span> <span class='ocrx_word' id='word_1_76' title='bbox 716 1316 766 1382; x_wconf 92' lang='lat' dir='ltr'><strong>his</strong></span> <span class='ocrx_word' id='word_1_77' title='bbox 788 1317 901 1400; x_wconf 87' lang='lat' dir='ltr'><strong>legatis</strong></span> <span class='ocrx_word' id='word_1_78' title='bbox 925 1317 1083 1382; x_wconf 89' lang='lat' dir='ltr'><strong>Commius</strong></span> <span class='ocrx_word' id='word_1_79' title='bbox 1104 1315 1226 1382; x_wconf 82' lang='lat' dir='ltr'><strong>Atre-a</strong></span> 
     </span>
     <span class='ocr_line' id='line_1_12' title="bbox 161 1417 1189 1503; baseline -0.002 -19"><span class='ocrx_word' id='word_1_80' title='bbox 161 1419 220 1485; x_wconf 86' lang='lat' dir='ltr'><strong>bas</strong></span> <span class='ocrx_word' id='word_1_81' title='bbox 249 1419 347 1500; x_wconf 83' lang='lat' dir='ltr'><strong>venit,</strong></span> <span class='ocrx_word' id='word_1_82' title='bbox 377 1439 471 1503; x_wconf 91' lang='lat' dir='ltr'><strong>quem</strong></span> <span class='ocrx_word' id='word_1_83' title='bbox 501 1439 596 1503; x_wconf 88' lang='lat' dir='ltr'><strong>supra</strong></span> <span class='ocrx_word' id='word_1_84' title='bbox 626 1418 913 1484; x_wconf 85' lang='lat' dir='ltr'><strong>demonstraveram</strong></span> <span class='ocrx_word' id='word_1_85' title='bbox 943 1439 963 1484; x_wconf 88' lang='lat' dir='ltr'><strong>a</strong></span> <span class='ocrx_word' id='word_1_86' title='bbox 993 1419 1128 1485; x_wconf 81' lang='lat' dir='ltr'><strong>Caesare</strong></span> <span class='ocrx_word' id='word_1_87' title='bbox 1157 1417 1189 1482; x_wconf 94' lang='lat' dir='ltr'><strong>in</strong></span> 
     </span>
    </p>
   </div>
   <div class='ocr_carea' id='block_1_3' title="bbox 158 1521 1225 2118">
    <p class='ocr_par' dir='ltr' id='par_1_4' title="bbox 158 1521 1225 2118">
     <span class='ocr_line' id='line_1_13' title="bbox 162 1521 1224 1606; baseline 0.001 -20"><span class='ocrx_word' id='word_1_88' title='bbox 162 1522 355 1587; x_wconf 83' lang='lat' dir='ltr'><strong>Britanniam</strong></span> <span class='ocrx_word' id='word_1_89' title='bbox 370 1521 586 1606; x_wconf 88' lang='lat' dir='ltr'><strong>praemissum.</strong></span> <span class='ocrx_word' id='word_1_90' title='bbox 618 1521 702 1586; x_wconf 90' lang='lat' dir='ltr'><strong>huno</strong></span> <span class='ocrx_word' id='word_1_91' title='bbox 717 1522 762 1586; x_wconf 92' lang='lat' dir='ltr'><strong>illi</strong></span> <span class='ocrx_word' id='word_1_92' title='bbox 785 1542 803 1586; x_wconf 89' lang='lat' dir='ltr'><strong>e</strong></span> <span class='ocrx_word' id='word_1_93' title='bbox 825 1522 901 1587; x_wconf 87' lang='lat' dir='ltr'><strong>navi</strong></span> <span class='ocrx_word' id='word_1_94' title='bbox 924 1541 1094 1604; x_wconf 88' lang='lat' dir='ltr'><strong>egressum,</strong></span> <span class='ocrx_word' id='word_1_95' title='bbox 1119 1540 1224 1587; x_wconf 85' lang='lat' dir='ltr'><strong>cuma</strong></span> 
     </span>
     <span class='ocr_line' id='line_1_14' title="bbox 158 1623 1192 1707; baseline -0.004 -17"><span class='ocrx_word' id='word_1_96' title='bbox 158 1623 202 1689; x_wconf 88' lang='lat' dir='ltr'><strong>ad</strong></span> <span class='ocrx_word' id='word_1_97' title='bbox 231 1643 286 1690; x_wconf 89' lang='lat' dir='ltr'><strong>eos</strong></span> <span class='ocrx_word' id='word_1_98' title='bbox 315 1625 445 1689; x_wconf 90' lang='lat' dir='ltr'><strong>oratoris</strong></span> <span class='ocrx_word' id='word_1_99' title='bbox 475 1623 568 1688; x_wconf 92' lang='lat' dir='ltr'><strong>modo</strong></span> <span class='ocrx_word' id='word_1_100' title='bbox 595 1623 739 1690; x_wconf 79' lang='lat' dir='ltr'><strong>Caesaris</strong></span> <span class='ocrx_word' id='word_1_101' title='bbox 768 1623 918 1687; x_wconf 88' lang='lat' dir='ltr'><strong>mandata</strong></span> <span class='ocrx_word' id='word_1_102' title='bbox 944 1623 1088 1707; x_wconf 88' lang='lat' dir='ltr'><strong>deferret,</strong></span> <span class='ocrx_word' id='word_1_103' title='bbox 1112 1642 1192 1687; x_wconf 92' lang='lat' dir='ltr'><strong>com·</strong></span> 
     </span>
     <span class='ocr_line' id='line_1_15' title="bbox 161 1724 1192 1811; baseline -0.001 -21"><span class='ocrx_word' id='word_1_104' title='bbox 161 1724 392 1811; x_wconf 88' lang='lat' dir='ltr'><strong>prehcnderant</strong></span> <span class='ocrx_word' id='word_1_105' title='bbox 413 1731 507 1809; x_wconf 88' lang='lat' dir='ltr'><strong>atque</strong></span> <span class='ocrx_word' id='word_1_106' title='bbox 534 1727 565 1790; x_wconf 94' lang='lat' dir='ltr'><strong>in</strong></span> <span class='ocrx_word' id='word_1_107' title='bbox 589 1726 716 1790; x_wconf 88' lang='lat' dir='ltr'><strong>vincula</strong></span> <span class='ocrx_word' id='word_1_108' title='bbox 741 1725 953 1809; x_wconf 75' lang='lat' dir='ltr'><strong>coniecerant,</strong></span> <span class='ocrx_word' id='word_1_109' title='bbox 982 1732 1047 1788; x_wconf 91' lang='lat' dir='ltr'><strong>tum</strong></span> <span class='ocrx_word' id='word_1_110' title='bbox 1074 1725 1192 1809; x_wconf 90' lang='lat' dir='ltr'><strong>proelio</strong></span> 
     </span>
     <span class='ocr_line' id='line_1_16' title="bbox 161 1826 1225 1912; baseline 0 -20"><span class='ocrx_word' id='word_1_111' title='bbox 161 1829 242 1893; x_wconf 79' lang='lat' dir='ltr'><strong>facto</strong></span> <span class='ocrx_word' id='word_1_112' title='bbox 263 1829 458 1894; x_wconf 89' lang='lat' dir='ltr'><strong>remiserunt.</strong></span> <span class='ocrx_word' id='word_1_113' title='bbox 504 1828 536 1892; x_wconf 92' lang='lat' dir='ltr'><strong>in</strong></span> <span class='ocrx_word' id='word_1_114' title='bbox 566 1826 704 1912; x_wconf 87' lang='lat' dir='ltr'><strong>petenda</strong></span> <span class='ocrx_word' id='word_1_115' title='bbox 732 1845 811 1910; x_wconf 92' lang='lat' dir='ltr'><strong>pace</strong></span> <span class='ocrx_word' id='word_1_116' title='bbox 834 1827 901 1891; x_wconf 90' lang='lat' dir='ltr'><strong>eius</strong></span> <span class='ocrx_word' id='word_1_117' title='bbox 930 1827 975 1890; x_wconf 91' lang='lat' dir='ltr'><strong>rei</strong></span> <span class='ocrx_word' id='word_1_118' title='bbox 1006 1826 1129 1910; x_wconf 91' lang='lat' dir='ltr'><strong>eulpam</strong></span> <span class='ocrx_word' id='word_1_119' title='bbox 1158 1826 1225 1892; x_wconf 78' lang='lat' dir='ltr'><strong>ins</strong></span> 
     </span>
     <span class='ocr_line' id='line_1_17' title="bbox 160 1927 1191 2012; baseline -0.005 -17"><span class='ocrx_word' id='word_1_120' title='bbox 160 1929 389 1995; x_wconf 87' lang='lat' dir='ltr'><strong>multitudinem</strong></span> <span class='ocrx_word' id='word_1_121' title='bbox 424 1929 625 1995; x_wconf 90' lang='lat' dir='ltr'><strong>coniecerunt</strong></span> <span class='ocrx_word' id='word_1_122' title='bbox 658 1935 698 2012; x_wconf 92' lang='lat' dir='ltr'><strong>et,</strong></span> <span class='ocrx_word' id='word_1_123' title='bbox 731 1933 860 2012; x_wconf 88' lang='lat' dir='ltr'><strong>propter</strong></span> <span class='ocrx_word' id='word_1_124' title='bbox 891 1927 1134 2011; x_wconf 86' lang='lat' dir='ltr'><strong>imprudentiam</strong></span> <span class='ocrx_word' id='word_1_125' title='bbox 1157 1933 1191 1992; x_wconf 90' lang='lat' dir='ltr'><strong>ut</strong></span> 
     </span>
     <span class='ocr_line' id='line_1_18' title="bbox 160 2029 1224 2118; baseline 0 -19"><span class='ocrx_word' id='word_1_126' title='bbox 160 2035 381 2118; x_wconf 82' lang='lat' dir='ltr'><strong>ignosceretur,</strong></span> <span class='ocrx_word' id='word_1_127' title='bbox 404 2034 594 2118; x_wconf 89' lang='lat' dir='ltr'><strong>petiverunt.</strong></span> <span class='ocrx_word' id='word_1_128' title='bbox 640 2032 757 2098; x_wconf 90' lang='lat' dir='ltr'><strong>Caesar</strong></span> <span class='ocrx_word' id='word_1_129' title='bbox 779 2037 906 2115; x_wconf 87' lang='lat' dir='ltr'><strong>questus</strong></span> <span class='ocrx_word' id='word_1_130' title='bbox 929 2029 1022 2114; x_wconf 93' lang='lat' dir='ltr'><strong>quod,</strong></span> <span class='ocrx_word' id='word_1_131' title='bbox 1051 2050 1120 2094; x_wconf 91' lang='lat' dir='ltr'><strong>oum</strong></span> <span class='ocrx_word' id='word_1_132' title='bbox 1148 2031 1224 2100; x_wconf 85' lang='lat' dir='ltr'><strong>uls</strong></span> 
     </span>
    </p>
   </div>
   <div class='ocr_carea' id='block_1_4' title="bbox 157 2133 1226 3864">
    <p class='ocr_par' dir='ltr' id='par_1_5' title="bbox 157 2133 1226 3864">
     <span class='ocr_line' id='line_1_19' title="bbox 159 2133 1191 2220; baseline -0.003 -19"><span class='ocrx_word' id='word_1_133' title='bbox 159 2145 207 2202; x_wconf 87' lang='lat' dir='ltr'><strong>tro</strong></span> <span class='ocrx_word' id='word_1_134' title='bbox 228 2136 260 2201; x_wconf 94' lang='lat' dir='ltr'><strong>in</strong></span> <span class='ocrx_word' id='word_1_135' title='bbox 284 2137 496 2201; x_wconf 88' lang='lat' dir='ltr'><strong>continentem</strong></span> <span class='ocrx_word' id='word_1_136' title='bbox 518 2135 631 2219; x_wconf 89' lang='lat' dir='ltr'><strong>legatis</strong></span> <span class='ocrx_word' id='word_1_137' title='bbox 654 2135 759 2200; x_wconf 89' lang='lat' dir='ltr'><strong>missis</strong></span> <span class='ocrx_word' id='word_1_138' title='bbox 780 2154 891 2219; x_wconf 90' lang='lat' dir='ltr'><strong>paoem</strong></span> <span class='ocrx_word' id='word_1_139' title='bbox 914 2134 954 2199; x_wconf 92' lang='lat' dir='ltr'><strong>ab</strong></span> <span class='ocrx_word' id='word_1_140' title='bbox 971 2153 1005 2199; x_wconf 90' lang='lat' dir='ltr'><strong>se</strong></span> <span class='ocrx_word' id='word_1_141' title='bbox 1027 2133 1191 2220; x_wconf 87' lang='lat' dir='ltr'><strong>petissent,</strong></span> 
     </span>
     <span class='ocr_line' id='line_1_20' title="bbox 159 2237 1192 2323; baseline 0 -19"><span class='ocrx_word' id='word_1_142' title='bbox 159 2241 274 2305; x_wconf 88' lang='lat' dir='ltr'><strong>bellum</strong></span> <span class='ocrx_word' id='word_1_143' title='bbox 309 2239 377 2304; x_wconf 89' lang='lat' dir='ltr'><strong>sine</strong></span> <span class='ocrx_word' id='word_1_144' title='bbox 413 2259 508 2305; x_wconf 90' lang='lat' dir='ltr'><strong>causa</strong></span> <span class='ocrx_word' id='word_1_145' title='bbox 539 2239 732 2322; x_wconf 81' lang='lat' dir='ltr'><strong>intulissent,</strong></span> <span class='ocrx_word' id='word_1_146' title='bbox 768 2239 930 2322; x_wconf 88' lang='lat' dir='ltr'><strong>ignoscere</strong></span> <span class='ocrx_word' id='word_1_147' title='bbox 962 2237 1192 2323; x_wconf 87' lang='lat' dir='ltr'><strong>imprudentiae</strong></span> 
     </span>
     <span class='ocr_line' id='line_1_21' title="bbox 158 2340 1226 2426; baseline 0.004 -20"><span class='ocrx_word' id='word_1_148' title='bbox 158 2341 239 2408; x_wconf 83' lang='lat' dir='ltr'><strong>dixit</strong></span> <span class='ocrx_word' id='word_1_149' title='bbox 268 2341 456 2425; x_wconf 90' lang='lat' dir='ltr'><strong>obsidesque</strong></span> <span class='ocrx_word' id='word_1_150' title='bbox 487 2340 668 2426; x_wconf 86' lang='lat' dir='ltr'><strong>imperavit;</strong></span> <span class='ocrx_word' id='word_1_151' title='bbox 698 2361 828 2424; x_wconf 89' lang='lat' dir='ltr'><strong>quorum</strong></span> <span class='ocrx_word' id='word_1_152' title='bbox 858 2341 905 2404; x_wconf 92' lang='lat' dir='ltr'><strong>illi</strong></span> <span class='ocrx_word' id='word_1_153' title='bbox 935 2347 1057 2425; x_wconf 90' lang='lat' dir='ltr'><strong>partem</strong></span> <span class='ocrx_word' id='word_1_154' title='bbox 1086 2341 1226 2411; x_wconf 88' lang='lat' dir='ltr'><strong>statimo</strong></span> 
     </span>
     <span class='ocr_line' id='line_1_22' title="bbox 157 2443 1192 2530; baseline 0.003 -22"><span class='ocrx_word' id='word_1_155' title='bbox 157 2444 321 2530; x_wconf 89' lang='lat' dir='ltr'><strong>dederunt,</strong></span> <span class='ocrx_word' id='word_1_156' title='bbox 333 2451 456 2529; x_wconf 88' lang='lat' dir='ltr'><strong>partem</strong></span> <span class='ocrx_word' id='word_1_157' title='bbox 468 2463 508 2508; x_wconf 85' lang='lat' dir='ltr'><strong>ex</strong></span> <span class='ocrx_word' id='word_1_158' title='bbox 520 2443 789 2527; x_wconf 80' lang='lat' dir='ltr'><strong>longinquioribus</strong></span> <span class='ocrx_word' id='word_1_159' title='bbox 800 2444 877 2508; x_wconf 92' lang='lat' dir='ltr'><strong>locis</strong></span> <span class='ocrx_word' id='word_1_160' title='bbox 889 2445 1070 2509; x_wconf 85' lang='lat' dir='ltr'><strong>arcessitam</strong></span> <span class='ocrx_word' id='word_1_161' title='bbox 1083 2447 1192 2529; x_wconf 86' lang='lat' dir='ltr'><strong>paucis</strong></span> 
     </span>
     <span class='ocr_line' id='line_1_23' title="bbox 159 2545 1225 2630; baseline -0.001 -17"><span class='ocrx_word' id='word_1_162' title='bbox 159 2547 270 2613; x_wconf 85' lang='lat' dir='ltr'><strong>diebus</strong></span> <span class='ocrx_word' id='word_1_163' title='bbox 292 2567 362 2613; x_wconf 91' lang='lat' dir='ltr'><strong>sese</strong></span> <span class='ocrx_word' id='word_1_164' title='bbox 385 2546 512 2611; x_wconf 88' lang='lat' dir='ltr'><strong>daturos</strong></span> <span class='ocrx_word' id='word_1_165' title='bbox 536 2545 691 2610; x_wconf 84' lang='lat' dir='ltr'><strong>dixcmnt.</strong></span> <span class='ocrx_word' id='word_1_166' title='bbox 730 2546 850 2610; x_wconf 89' lang='lat' dir='ltr'><strong>interea</strong></span> <span class='ocrx_word' id='word_1_167' title='bbox 872 2566 945 2612; x_wconf 92' lang='lat' dir='ltr'><strong>suos</strong></span> <span class='ocrx_word' id='word_1_168' title='bbox 966 2547 1136 2630; x_wconf 85' lang='lat' dir='ltr'><strong>remigrare</strong></span> <span class='ocrx_word' id='word_1_169' title='bbox 1158 2549 1190 2612; x_wconf 93' lang='lat' dir='ltr'><strong>in</strong></span> <span class='ocrx_word' id='word_1_170' title='bbox 1211 2571 1225 2618; x_wconf 77' lang='lat' dir='ltr'><strong>r</strong></span> 
     </span>
     <span class='ocr_line' id='line_1_24' title="bbox 157 2647 1192 2734; baseline -0.002 -18"><span class='ocrx_word' id='word_1_171' title='bbox 157 2671 251 2734; x_wconf 87' lang='lat' dir='ltr'><strong>agros</strong></span> <span class='ocrx_word' id='word_1_172' title='bbox 280 2651 447 2734; x_wconf 87' lang='lat' dir='ltr'><strong>iusserunt,</strong></span> <span class='ocrx_word' id='word_1_173' title='bbox 478 2649 698 2734; x_wconf 90' lang='lat' dir='ltr'><strong>principesque</strong></span> <span class='ocrx_word' id='word_1_174' title='bbox 726 2647 865 2731; x_wconf 89' lang='lat' dir='ltr'><strong>undique</strong></span> <span class='ocrx_word' id='word_1_175' title='bbox 896 2648 1063 2712; x_wconf 87' lang='lat' dir='ltr'><strong>convenire</strong></span> <span class='ocrx_word' id='word_1_176' title='bbox 1093 2655 1125 2712; x_wconf 91' lang='lat' dir='ltr'><strong>et</strong></span> <span class='ocrx_word' id='word_1_177' title='bbox 1157 2669 1192 2714; x_wconf 94' lang='lat' dir='ltr'><strong>se</strong></span> 
     </span>
     <span class='ocr_line' id='line_1_25' title="bbox 158 2749 1057 2836; baseline -0.007 -18"><span class='ocrx_word' id='word_1_178' title='bbox 158 2753 366 2836; x_wconf 81' lang='lat' dir='ltr'><strong>civitatesque</strong></span> <span class='ocrx_word' id='word_1_179' title='bbox 388 2771 461 2817; x_wconf 85' lang='lat' dir='ltr'><strong>suas</strong></span> <span class='ocrx_word' id='word_1_180' title='bbox 485 2751 612 2817; x_wconf 87' lang='lat' dir='ltr'><strong>Caesari</strong></span> <span class='ocrx_word' id='word_1_181' title='bbox 636 2749 855 2815; x_wconf 90' lang='lat' dir='ltr'><strong>commendare</strong></span> <span class='ocrx_word' id='word_1_182' title='bbox 879 2756 1057 2833; x_wconf 86' lang='lat' dir='ltr'><strong>coeperunt.</strong></span> 
     </span>
     <span class='ocr_line' id='line_1_26' title="bbox 260 2851 1222 2938; baseline 0.001 -18"><span class='ocrx_word' id='word_1_183' title='bbox 260 2855 411 2920; x_wconf 88' lang='lat' dir='ltr'>XXVIII.</span> <span class='ocrx_word' id='word_1_184' title='bbox 446 2855 504 2919; x_wconf 91' lang='lat' dir='ltr'><strong>His</strong></span> <span class='ocrx_word' id='word_1_185' title='bbox 536 2854 631 2919; x_wconf 90' lang='lat' dir='ltr'><strong>rebus</strong></span> <span class='ocrx_word' id='word_1_186' title='bbox 666 2873 746 2938; x_wconf 92' lang='lat' dir='ltr'><strong>pace</strong></span> <span class='ocrx_word' id='word_1_187' title='bbox 779 2851 971 2935; x_wconf 87' lang='lat' dir='ltr'><strong>confirmata,</strong></span> <span class='ocrx_word' id='word_1_188' title='bbox 1004 2858 1075 2937; x_wconf 92' lang='lat' dir='ltr'><strong>post</strong></span> <span class='ocrx_word' id='word_1_189' title='bbox 1108 2853 1222 2926; x_wconf 88' lang='lat' dir='ltr'><strong>diemr</strong></span> 
     </span>
     <span class='ocr_line' id='line_1_27' title="bbox 158 2956 1190 3045; baseline 0.001 -22"><span class='ocrx_word' id='word_1_190' title='bbox 158 2965 313 3043; x_wconf 87' lang='lat' dir='ltr'><strong>quartum,</strong></span> <span class='ocrx_word' id='word_1_191' title='bbox 336 2977 430 3042; x_wconf 90' lang='lat' dir='ltr'><strong>quam</strong></span> <span class='ocrx_word' id='word_1_192' title='bbox 453 2963 502 3022; x_wconf 87' lang='lat' dir='ltr'><strong>est</strong></span> <span class='ocrx_word' id='word_1_193' title='bbox 523 2958 555 3022; x_wconf 95' lang='lat' dir='ltr'><strong>in</strong></span> <span class='ocrx_word' id='word_1_194' title='bbox 575 2956 769 3022; x_wconf 86' lang='lat' dir='ltr'><strong>Britanniam</strong></span> <span class='ocrx_word' id='word_1_195' title='bbox 789 2961 930 3039; x_wconf 82' lang='lat' dir='ltr'><strong>ventum,</strong></span> <span class='ocrx_word' id='word_1_196' title='bbox 951 2975 1051 3021; x_wconf 82' lang='lat' dir='ltr'><strong>naues</strong></span> <span class='ocrx_word' id='word_1_197' title='bbox 1069 2957 1190 3045; x_wconf 89' lang='lat' dir='ltr'>XVIII,</span> 
     </span>
     <span class='ocr_line' id='line_1_28' title="bbox 159 3058 1192 3144; baseline 0.002 -20"><span class='ocrx_word' id='word_1_198' title='bbox 159 3060 199 3126; x_wconf 92' lang='lat' dir='ltr'><strong>de</strong></span> <span class='ocrx_word' id='word_1_199' title='bbox 221 3060 334 3144; x_wconf 89' lang='lat' dir='ltr'><strong>quibus</strong></span> <span class='ocrx_word' id='word_1_200' title='bbox 357 3079 453 3143; x_wconf 92' lang='lat' dir='ltr'><strong>supra</strong></span> <span class='ocrx_word' id='word_1_201' title='bbox 472 3058 718 3125; x_wconf 89' lang='lat' dir='ltr'><strong>demonstratum</strong></span> <span class='ocrx_word' id='word_1_202' title='bbox 742 3065 798 3143; x_wconf 89' lang='lat' dir='ltr'><strong>est,</strong></span> <span class='ocrx_word' id='word_1_203' title='bbox 822 3078 902 3142; x_wconf 88' lang='lat' dir='ltr'><strong>quae</strong></span> <span class='ocrx_word' id='word_1_204' title='bbox 922 3058 1042 3141; x_wconf 89' lang='lat' dir='ltr'><strong>equites</strong></span> <span class='ocrx_word' id='word_1_205' title='bbox 1062 3061 1192 3126; x_wconf 82' lang='lat' dir='ltr'><strong>sustula·</strong></span> 
     </span>
     <span class='ocr_line' id='line_1_29' title="bbox 160 3159 1225 3247; baseline 0.006 -20"><span class='ocrx_word' id='word_1_206' title='bbox 160 3169 239 3247; x_wconf 88' lang='lat' dir='ltr'><strong>rant,</strong></span> <span class='ocrx_word' id='word_1_207' title='bbox 262 3183 303 3228; x_wconf 84' lang='lat' dir='ltr'><strong>ex</strong></span> <span class='ocrx_word' id='word_1_208' title='bbox 326 3161 485 3246; x_wconf 88' lang='lat' dir='ltr'><strong>superiore</strong></span> <span class='ocrx_word' id='word_1_209' title='bbox 507 3167 598 3246; x_wconf 89' lang='lat' dir='ltr'><strong>portu</strong></span> <span class='ocrx_word' id='word_1_210' title='bbox 619 3159 683 3225; x_wconf 90' lang='lat' dir='ltr'><strong>leni</strong></span> <span class='ocrx_word' id='word_1_211' title='bbox 698 3167 793 3225; x_wconf 88' lang='lat' dir='ltr'><strong>vento</strong></span> <span class='ocrx_word' id='word_1_212' title='bbox 816 3162 984 3226; x_wconf 89' lang='lat' dir='ltr'><strong>solverunt.</strong></span> <span class='ocrx_word' id='word_1_213' title='bbox 1018 3181 1099 3245; x_wconf 89' lang='lat' dir='ltr'><strong>quae</strong></span> <span class='ocrx_word' id='word_1_214' title='bbox 1121 3183 1225 3234; x_wconf 84' lang='lat' dir='ltr'><strong>cuma</strong></span> 
     </span>
     <span class='ocr_line' id='line_1_30' title="bbox 159 3263 1192 3351; baseline 0.001 -21"><span class='ocrx_word' id='word_1_215' title='bbox 159 3265 447 3351; x_wconf 89' lang='lat' dir='ltr'><strong>appropinquarent</strong></span> <span class='ocrx_word' id='word_1_216' title='bbox 461 3264 642 3328; x_wconf 89' lang='lat' dir='ltr'><strong>Britanniae</strong></span> <span class='ocrx_word' id='word_1_217' title='bbox 662 3267 693 3327; x_wconf 88' lang='lat' dir='ltr'><strong>et</strong></span> <span class='ocrx_word' id='word_1_218' title='bbox 712 3282 753 3327; x_wconf 88' lang='lat' dir='ltr'><strong>err</strong></span> <span class='ocrx_word' id='word_1_219' title='bbox 773 3263 882 3328; x_wconf 89' lang='lat' dir='ltr'><strong>castris</strong></span> <span class='ocrx_word' id='word_1_220' title='bbox 896 3263 1087 3350; x_wconf 83' lang='lat' dir='ltr'><strong>viderentur,</strong></span> <span class='ocrx_word' id='word_1_221' title='bbox 1104 3272 1192 3332; x_wconf 91' lang='lat' dir='ltr'><strong>tanta</strong></span> 
     </span>
     <span class='ocr_line' id='line_1_31' title="bbox 161 3365 1190 3452; baseline 0.002 -20"><span class='ocrx_word' id='word_1_222' title='bbox 161 3373 331 3452; x_wconf 87' lang='lat' dir='ltr'><strong>tempestas</strong></span> <span class='ocrx_word' id='word_1_223' title='bbox 357 3365 461 3432; x_wconf 89' lang='lat' dir='ltr'><strong>subito</strong></span> <span class='ocrx_word' id='word_1_224' title='bbox 489 3371 593 3432; x_wconf 87' lang='lat' dir='ltr'><strong>coorta</strong></span> <span class='ocrx_word' id='word_1_225' title='bbox 619 3370 676 3450; x_wconf 89' lang='lat' dir='ltr'><strong>est,</strong></span> <span class='ocrx_word' id='word_1_226' title='bbox 703 3371 738 3430; x_wconf 93' lang='lat' dir='ltr'><strong>ut</strong></span> <span class='ocrx_word' id='word_1_227' title='bbox 763 3366 849 3430; x_wconf 91' lang='lat' dir='ltr'><strong>nulla</strong></span> <span class='ocrx_word' id='word_1_228' title='bbox 872 3386 977 3433; x_wconf 88' lang='lat' dir='ltr'><strong>earum</strong></span> <span class='ocrx_word' id='word_1_229' title='bbox 1002 3387 1123 3434; x_wconf 89' lang='lat' dir='ltr'><strong>cursum</strong></span> <span class='ocrx_word' id='word_1_230' title='bbox 1147 3375 1190 3434; x_wconf 89' lang='lat' dir='ltr'><strong>te-</strong></span> 
     </span>
     <span class='ocr_line' id='line_1_32' title="bbox 161 3467 1191 3556; baseline 0 -20"><span class='ocrx_word' id='word_1_231' title='bbox 161 3491 234 3537; x_wconf 90' lang='lat' dir='ltr'><strong>nere</strong></span> <span class='ocrx_word' id='word_1_232' title='bbox 260 3476 376 3555; x_wconf 89' lang='lat' dir='ltr'><strong>posset,</strong></span> <span class='ocrx_word' id='word_1_233' title='bbox 404 3467 460 3535; x_wconf 92' lang='lat' dir='ltr'><strong>sed</strong></span> <span class='ocrx_word' id='word_1_234' title='bbox 486 3469 567 3534; x_wconf 88' lang='lat' dir='ltr'><strong>aliae</strong></span> <span class='ocrx_word' id='word_1_235' title='bbox 590 3467 710 3554; x_wconf 93' lang='lat' dir='ltr'><strong>eodem,</strong></span> <span class='ocrx_word' id='word_1_236' title='bbox 737 3468 822 3535; x_wconf 90' lang='lat' dir='ltr'><strong>unde</strong></span> <span class='ocrx_word' id='word_1_237' title='bbox 845 3477 934 3536; x_wconf 89' lang='lat' dir='ltr'><strong>erant</strong></span> <span class='ocrx_word' id='word_1_238' title='bbox 955 3472 1124 3556; x_wconf 84' lang='lat' dir='ltr'><strong>profectae,</strong></span> <span class='ocrx_word' id='word_1_239' title='bbox 1146 3492 1191 3536; x_wconf 92' lang='lat' dir='ltr'><strong>re-</strong></span> 
     </span>
     <span class='ocr_line' id='line_1_33' title="bbox 162 3571 1189 3658; baseline 0 -20"><span class='ocrx_word' id='word_1_240' title='bbox 162 3574 323 3658; x_wconf 81' lang='lat' dir='ltr'><strong>ferrentur,</strong></span> <span class='ocrx_word' id='word_1_241' title='bbox 355 3574 436 3638; x_wconf 91' lang='lat' dir='ltr'><strong>aliae</strong></span> <span class='ocrx_word' id='word_1_242' title='bbox 463 3572 504 3637; x_wconf 89' lang='lat' dir='ltr'><strong>ad</strong></span> <span class='ocrx_word' id='word_1_243' title='bbox 530 3571 708 3638; x_wconf 85' lang='lat' dir='ltr'><strong>inferiorem</strong></span> <span class='ocrx_word' id='word_1_244' title='bbox 736 3579 857 3658; x_wconf 89' lang='lat' dir='ltr'><strong>partem</strong></span> <span class='ocrx_word' id='word_1_245' title='bbox 883 3575 1015 3658; x_wconf 89' lang='lat' dir='ltr'><strong>insulae,</strong></span> <span class='ocrx_word' id='word_1_246' title='bbox 1038 3594 1118 3658; x_wconf 88' lang='lat' dir='ltr'><strong>quae</strong></span> <span class='ocrx_word' id='word_1_247' title='bbox 1141 3581 1189 3640; x_wconf 92' lang='lat' dir='ltr'><strong>est</strong></span> 
     </span>
     <span class='ocr_line' id='line_1_34' title="bbox 163 3675 1190 3761; baseline 0.001 -21"><span class='ocrx_word' id='word_1_248' title='bbox 163 3676 288 3760; x_wconf 92' lang='lat' dir='ltr'><strong>propius</strong></span> <span class='ocrx_word' id='word_1_249' title='bbox 318 3675 391 3742; x_wconf 88' lang='lat' dir='ltr'><strong>solis</strong></span> <span class='ocrx_word' id='word_1_250' title='bbox 421 3693 576 3757; x_wconf 89' lang='lat' dir='ltr'><strong>occasum,</strong></span> <span class='ocrx_word' id='word_1_251' title='bbox 606 3694 721 3758; x_wconf 87' lang='lat' dir='ltr'><strong>magno</strong></span> <span class='ocrx_word' id='word_1_252' title='bbox 751 3675 798 3741; x_wconf 92' lang='lat' dir='ltr'><strong>sui</strong></span> <span class='ocrx_word' id='word_1_253' title='bbox 830 3695 901 3740; x_wconf 91' lang='lat' dir='ltr'><strong>cum</strong></span> <span class='ocrx_word' id='word_1_254' title='bbox 926 3676 1063 3761; x_wconf 90' lang='lat' dir='ltr'><strong>periculo</strong></span> <span class='ocrx_word' id='word_1_255' title='bbox 1090 3675 1190 3741; x_wconf 88' lang='lat' dir='ltr'><strong>deiec-</strong></span> 
     </span>
     <span class='ocr_line' id='line_1_35' title="bbox 162 3777 1223 3864; baseline 0.004 -22"><span class='ocrx_word' id='word_1_256' title='bbox 162 3784 281 3864; x_wconf 71' lang='lat' dir='ltr'><strong>rentur,</strong></span> <span class='ocrx_word' id='word_1_257' title='bbox 314 3796 395 3862; x_wconf 88' lang='lat' dir='ltr'><strong>quae</strong></span> <span class='ocrx_word' id='word_1_258' title='bbox 429 3783 534 3842; x_wconf 88' lang='lat' dir='ltr'><strong>tamen</strong></span> <span class='ocrx_word' id='word_1_259' title='bbox 564 3777 688 3842; x_wconf 88' lang='lat' dir='ltr'><strong>ancoris</strong></span> <span class='ocrx_word' id='word_1_260' title='bbox 716 3778 805 3842; x_wconf 84' lang='lat' dir='ltr'><strong>iactis</strong></span> <span class='ocrx_word' id='word_1_261' title='bbox 835 3797 906 3842; x_wconf 92' lang='lat' dir='ltr'><strong>cum</strong></span> <span class='ocrx_word' id='word_1_262' title='bbox 934 3777 1080 3843; x_wconf 90' lang='lat' dir='ltr'><strong>fluctibus</strong></span> <span class='ocrx_word' id='word_1_263' title='bbox 1110 3797 1223 3847; x_wconf 87' lang='lat' dir='ltr'><strong>com-s</strong></span> 
     </span>
    </p>
   </div>
   <div class='ocr_carea' id='block_1_5' title="bbox 0 0 1491 4196">
    <p class='ocr_par' dir='ltr' id='par_1_6' title="bbox 0 0 1491 4196">
     <span class='ocr_line' id='line_1_36' title="bbox 0 0 1491 4196; baseline 0 0"><span class='ocrx_word' id='word_1_264' title='bbox 0 0 1491 4196; x_wconf 95' lang='lat' dir='ltr'><strong> </strong></span> 
     </span>
    </p>
   </div>
  </div>
 </body>
</html>
