2960 4192
299 300 405 356 coum.
418 301 482 356 VII.
501 297 583 355 CAP.
597 300 654 355 XC.
675 301 781 356 COMM.
795 301 874 356 VIII.
893 296 975 356 cAP.
988 302 1074 357 1—11.
1142 287 1200 350 187

167 482 264 556 atque
287 473 463 554 emendate,
486 493 543 538 nos
567 474 671 555 etiam,
696 494 791 556 quam
817 473 911 539 facile
938 481 1033 557 atque
1060 476 1203 541 celeriter

168 597 223 642 eos
244 577 420 661 perfecerit,
444 576 567 641 scimus.
603 584 670 642 erat
691 585 797 642 autem
820 577 854 641 in
870 578 1006 644 Caesare
1022 599 1092 644 oum
1108 579 1237 647 facul-u

168 691 217 745 tas
249 685 345 762 atque
379 679 538 762 elegantia
571 699 692 745 summa
731 679 904 761 scribendi,
938 688 1005 746 tum
1038 683 1204 748 verissima
1289 696 1295 772 J

167 783 301 848 scientia
323 803 449 847 suorum
472 783 669 848 consiliorum
685 783 950 868 explicandorum.
975 784 1108 849 mihine
1127 779 1237 854 illude

168 885 296 969 quidem
319 885 443 967 accidit,
466 892 501 950 ut
523 885 738 951 Alexandrino
761 893 856 968 atque
878 887 1028 952 Africano
1054 889 1136 954 bello
1158 889 1203 952 in-

167 996 332 1073 teressem;
356 1008 438 1071 quae
459 989 543 1055 bella
565 1009 755 1072 quamquam
779 1009 819 1054 ex
841 997 930 1073 parte
953 991 1043 1055 nobis
1060 991 1203 1056 Caesaris

168 1111 312 1157 sermone
334 1099 407 1156 sunt
429 1099 513 1172 nota,
537 1099 643 1156 tamen
665 1092 756 1156 aliter
771 1092 916 1158 audimus
931 1112 979 1174 ca,
1003 1113 1084 1176 quae
1099 1114 1202 1158 rerum

167 1196 308 1260 novitate
337 1201 393 1258 aut
421 1194 629 1260 admiratione
658 1214 716 1259 nos
747 1195 884 1279 capiunt,
914 1196 1014 1276 aliter,
1045 1215 1125 1278 quae
1147 1217 1203 1280 pro

167 1298 346 1362 testimonio
369 1317 476 1362 sumus
499 1297 619 1363 dicturi.
655 1297 712 1363 sed
735 1318 793 1382 ego
816 1299 972 1380 nimirum,
996 1298 1071 1364 dum
1094 1319 1235 1368 omnesc

168 1400 380 1467 excusationis
415 1421 526 1466 causas
560 1401 681 1485 colligo,
716 1421 757 1465 ne
788 1422 858 1465 cum
883 1402 1017 1468 Caesare
1049 1403 1201 1487 conferar,

167 1505 228 1569 hoe
256 1504 359 1588 ipsum
390 1504 508 1568 crimen
538 1504 736 1588 arrogantiae
770 1506 876 1584 subsc,
908 1505 992 1587 quod
1014 1526 1065 1570 me
1087 1505 1203 1570 iudicio

169 1608 352 1690 cuiusquam
368 1607 546 1672 existimem
567 1628 660 1691 posse
677 1627 748 1672 cum
764 1607 899 1673 Caesare
914 1609 1096 1691 comparari.
1120 1610 1201 1674 vale.

272 1710 362 1776 CAP.
385 1711 410 1774 Ι.
446 1709 541 1774 Omni
564 1709 667 1774 Gabia
689 1709 814 1775 devicta
838 1710 954 1776 Cacsar
978 1731 1049 1775 cum
1070 1731 1091 1775 a
1113 1731 1235 1795 supe-1

168 1815 248 1879 ri0re
269 1819 390 1878 aestate
412 1813 533 1877 nullum
547 1811 686 1879 bellandi
702 1819 826 1897 tempus
840 1813 1060 1879 intermisisset
1075 1814 1202 1878 milites-

169 1937 229 1999 que
252 1916 452 1981 hibemorum
476 1915 580 1998 quiete
601 1915 731 1980 reficere
752 1936 782 1980 a
795 1916 891 1980 tantis
913 1915 1073 1982 laboribus
1096 1917 1201 1999 vellet,

169 2019 342 2103 complures
375 2019 485 2083 eodem
515 2025 655 2101 tempore
685 2018 830 2084 civitates
859 2039 1012 2084 renovare
1034 2019 1109 2086 belli
1132 2038 1212 2085 con-·

168 2122 239 2186 silia
260 2121 488 2186 nuntiabantur
510 2121 802 2204 coniurationesque
821 2121 936 2186 facere.
961 2123 1048 2187 cuius
1063 2123 1109 2187 rei
1125 2123 1236 2193 veri-a

168 2225 277 2290 similis
301 2245 396 2289 causa
418 2225 618 2306 afferebatur,
642 2223 726 2306 quod
748 2224 847 2290 Gallis
869 2225 1014 2290 omnibus
1041 2225 1202 2310 cognitum
1263 2275 1264 2278 η

168 2334 260 2410 essct,
283 2347 387 2410 neque
408 2327 473 2391 ulla
495 2326 694 2392 multitudine
716 2327 749 2392 in
771 2349 868 2393 unum
895 2329 998 2393 locum
1024 2335 1133 2394 coacta
1158 2350 1203 2394 rc-

168 2431 237 2496 sisti
269 2451 362 2516 posse
395 2429 556 2512 Romanis,
590 2449 658 2510 nec,
694 2431 721 2496 si
755 2430 879 2496 diversa
912 2433 996 2497 bella
1029 2433 1203 2516 complures

169 2533 279 2598 eodem
294 2540 434 2617 tempore
448 2533 628 2597 intulissent
644 2533 798 2614 civitates,
821 2534 898 2599 satis
913 2534 1024 2598 auxilii
1039 2542 1094 2598 aut
1109 2536 1202 2618 spatii

168 2644 223 2701 aut
255 2637 417 2721 copiarum
450 2637 630 2702 habiturum
664 2636 837 2700 exercitum
866 2636 974 2720 populi
999 2637 1134 2700 Romani
1160 2638 1203 2700 ad

168 2740 274 2804 omnia
295 2738 526 2823 persequenda,
550 2759 614 2802 non
631 2757 700 2803 esse
715 2745 820 2803 autem
835 2738 928 2802 alicui
944 2739 1065 2803 civitati
1087 2745 1202 2804 sortem
1220 2761 1236 2808 s

167 2841 356 2906 incommodi
378 2840 594 2922 recusandam,
618 2841 646 2906 si
668 2841 724 2906 tali
746 2862 834 2906 mora
855 2841 995 2924 reliquae
1016 2849 1146 2926 possent
1168 2863 1203 2908 se

167 2944 330 3010 vindicare
352 2945 385 3010 in
408 2945 595 3011 libertatem.

270 3049 311 3112 ΙΙ.
336 3047 425 3124 Qruae
447 3068 488 3113 ne
510 3047 791 3132 opinioGallorum
815 3047 1059 3130 confirmaretur,
1084 3049 1201 3114 Caesar
1221 3071 1233 3117 ι

108 3153 110 3156 ’
167 3152 306 3216 Marcum
329 3151 501 3216 Antonium
532 3157 729 3233 quaestorem
763 3150 828 3215 suis
860 3149 1013 3234 praefecit
1046 3150 1200 3237 hibernis;

166 3255 235 3338 ipse
258 3254 398 3336 equitum
420 3253 577 3338 praesidio
599 3253 701 3338 pridie
723 3253 794 3318 Kal.
818 3252 983 3317 Ianuarias
1013 3255 1053 3318 ab
1085 3253 1201 3338 oppido

166 3357 314 3422 Bibracte
335 3356 542 3441 proficiscitur
556 3354 598 3420 ad
619 3355 777 3440 legionem
795 3356 897 3439 XIII,
922 3376 1016 3438 quam
1031 3377 1094 3422 non
1108 3357 1201 3441 longe

165 3481 186 3524 a
208 3459 324 3525 finibus
347 3458 526 3524 Aeduorum
561 3459 768 3524 collocaverat
800 3459 833 3523 in
866 3459 983 3524 finibus
1014 3460 1200 3544 Biturigum,

167 3564 259 3645 eique
280 3561 425 3646 adiungit
446 3562 602 3646 legionem
612 3563 681 3643 XL,
705 3582 786 3644 quae
808 3563 954 3645 proxima
975 3563 1086 3628 fuerat.
1115 3563 1200 3629 binis
1219 3585 1233 3631 a

167 3666 345 3731 cohortibus
360 3665 402 3730 ad
414 3665 644 3750 impedimenta
658 3664 776 3730 tuenda
799 3665 915 3730 relictis
936 3667 1091 3748 reliquum
1114 3686 1201 3732 exer-

167 3769 263 3833 citum
299 3769 339 3833 in·
370 3769 600 3852 copiosissimos
640 3789 733 3853 agros
763 3768 939 3852 Biturigum
972 3768 1101 3853 inducit,
1137 3771 1200 3854 qui,

167 3891 238 3935 cum
260 3872 341 3936 latos
362 3870 442 3936 fines
465 3878 496 3935 et
519 3857 678 3956 complura
700 3870 817 3955 oppida
843 3871 1006 3955 haberent,
1037 3873 1130 3938 unius
1159 3874 1199 3938 le-
