2966 4196
472 253 579 334 oouu.
593 254 657 309 v11.
676 254 760 309 cnr.
775 256 874 312 1-1v.
1125 245 1186 309 139

149 448 247 494 eausa
270 427 315 494 ibi
338 427 552 508 constiterant,
575 426 609 492 in
624 425 675 492 his
690 426 804 492 Gaium
819 428 944 504 Fufium
959 431 1072 514 Citam,
1092 433 1186 501 hone

148 539 233 597 stum
249 530 387 614 equitem
401 531 587 612 Romanum,
612 529 665 613 qui
686 529 733 595 rei
755 529 978 599 frumentariae
999 535 1087 602 iussu
1110 537 1185 604 (lae

148 635 229 700 saris
250 639 404 718 praeerat
427 630 619 698 interficiunt
640 634 787 714 bonaque
803 653 909 700 eorum
923 635 1083 722 diripiunt.
1108 641 1220 712 celes

147 737 224 803 riter
253 735 295 801 ad
324 755 434 802 omnes
464 735 586 820 Galliac
615 735 758 828 civitates
788 737 874 802 fama
898 740 1064 823 perfertur.
1109 763 1184 810 nam

148 840 339 923 ubicumque
361 839 461 905 maior
482 845 579 922 atque
600 838 748 904 illustrior
761 840 874 905 incidit
887 861 948 924 res,
972 844 1107 911 clamore
1127 866 1185 932 per

147 963 242 1028 agros
273 943 483 1027 regionesque
515 941 708 1027 significant;
742 941 828 1008 hunc
860 944 914 1009 alii
947 945 1097 1032 deinceps
1131 967 1183 1014 ex·

148 1047 270 1132 cipiunt
292 1054 324 1112 et
345 1046 497 1132 proximis
519 1045 657 1127 uadunt,
680 1052 716 1111 ut
737 1053 804 1112 tum
826 1047 950 1114 accidit.
996 1069 1071 1116 nam
1101 1071 1218 1134 quaes

149 1150 271 1218 Cenabi
293 1150 413 1216 oriente
433 1149 499 1215 sole
517 1154 608 1233 gesta
623 1155 738 1231 essent,
761 1156 836 1217 ante
857 1151 991 1237 primam
1007 1153 1182 1220 confectam

148 1253 290 1338 vigiliam
311 1253 345 1318 in
360 1252 477 1318 finibus
491 1253 703 1318 Arvernorum
717 1252 826 1319 audita
841 1261 923 1341 sunt,
948 1255 1031 1340 quod
1046 1258 1182 1343 spatium

149 1363 198 1422 est
219 1356 340 1421 milium
361 1375 511 1440 passuum
534 1355 656 1421 circiter
678 1362 804 1421 centum
826 1357 893 1423 LX.

251 1459 306 1524 IV.
344 1457 445 1525 Simili
466 1457 588 1523 ratione
609 1458 655 1523 ibi
677 1459 927 1544 Vercingetorix,
952 1463 1066 1530 Celtilli
1088 1463 1212 1550 olims

148 1565 319 1643 Amemus,
342 1579 484 1626 summae
505 1560 666 1644 potentiae
680 1553 876 1646 adulescens,
892 1565 981 1632 cuius
995 1573 1086 1652 pater
1099 1569 1181 1654 prin·

149 1667 287 1751 cipetum
317 1663 438 1730 Gallae
471 1664 565 1728 totius
597 1664 775 1730 obtinuerat
804 1673 836 1731 et
864 1669 904 1734 ob
939 1687 1009 1734 eam
1043 1689 1180 1755 causam,

148 1767 233 1852 quod
253 1787 387 1852 regnum
408 1767 589 1850 appetebat,
611 1768 652 1832 ab
669 1767 797 1832 civitate
812 1775 879 1834 erat
893 1770 1087 1858 interfectus,
1111 1793 1181 1840 oon·

148 1871 268 1938 vocatis
290 1870 355 1936 auis
378 1868 545 1936 clientibus
567 1869 660 1934 facile
681 1868 831 1934 incendit.
871 1874 996 1957 cognito
1020 1875 1087 1940 eius
1110 1896 1214 1947 con-r

148 1976 217 2042 silio
239 1973 282 2039 ad
303 1993 392 2038 arma
413 1973 613 2038 concurritur.
658 1972 841 2058 prohibetur
866 1976 907 2041 ab
938 1975 1179 2062 Gobannitione,

147 2086 258 2164 patruo
274 2097 340 2158 suo,
363 2075 554 2159 reliquisque
568 2075 772 2160 principibus,
797 2077 850 2159 qui
864 2076 949 2145 hanc
963 2081 1180 2164 temptandam

147 2184 306 2249 fortunam
327 2201 391 2246 non
414 2179 650 2260 existimabant,
674 2179 840 2265 expellitur
863 2201 904 2246 ex
926 2181 1042 2268 oppido
1065 2184 1180 2271 Gorgo

147 2287 214 2371 via3
244 2305 309 2350 non
335 2283 456 2349 destitit
484 2289 591 2348 tamen
620 2289 716 2366 atque
741 2283 776 2348 in
797 2284 883 2368 agris
904 2284 1002 2352 habet
1023 2285 1215 2360 delectuma

148 2389 308 2475 egentium
329 2407 368 2452 ac
389 2385 590 2472 perditorum.
624 2386 686 2452 hac
708 2394 817 2452 coacta
839 2409 944 2472 mauu,
968 2410 1179 2476 quoscumque

147 2492 215 2558 adit
237 2512 278 2558 ex
301 2491 437 2572 civitate,
459 2490 503 2554 ad
524 2510 614 2556 suam
636 2491 826 2556 sententiam
847 2491 1005 2578 perducit,
1028 2493 1214 2581 hortatum

103 2593 106 2598 ’
147 2603 182 2661 ut
212 2593 386 2661 communis
414 2593 568 2660 libertatis
598 2613 694 2658 causa
715 2613 804 2657 arma
826 2594 962 2678 capiant,
992 2597 1179 2681 magnisque

148 2699 264 2765 coactis
287 2697 384 2781 copiis
406 2695 603 2762 adversarios
625 2716 707 2778 auca,
729 2717 750 2760 a
772 2695 886 2778 quibus
907 2698 1001 2782 paulo
1015 2706 1090 2764 ante
1112 2707 1179 2766 erat

148 2804 275 2883 eiectus,
310 2800 440 2885 expellit
473 2819 515 2866 ex
548 2799 684 2865 civitate.
729 2819 786 2864 rex
819 2800 861 2864 ab
895 2800 960 2866 suis
992 2803 1213 2885 appellatore

147 2905 277 2970 dimittit
299 2923 423 2986 quoque
445 2921 556 2968 versus
577 2902 767 2986 legationem
790 2902 973 2984 obtestatum,
1003 2904 1093 2970 utin
1116 2904 1179 2972 frde

147 3013 305 3074 maneant.
351 3005 492 3072 celeriter
514 3005 575 3073 sibi
597 3005 748 3086 Senones,
770 3004 916 3087 Parisios,
942 3006 1099 3089 Pictones,
1123 3008 1213 3079 (la-o

147 3111 269 3192 durcos,
284 3111 435 3194 Turonos,
451 3109 611 3190 Aulercos,
633 3108 827 3188 Lemovices,
850 3108 959 3175 Andos
980 3109 1179 3194 reliquosque

147 3233 266 3294 omnes,
297 3212 350 3295 qni
372 3211 535 3278 Oceanum
563 3210 732 3294 attingunt,
758 3209 917 3298 adiungit,
947 3213 1087 3279 omnium
1109 3235 1179 3281 con-

147 3337 243 3382 sensu
264 3314 306 3380 ad
329 3335 401 3380 eum
423 3313 562 3380 defertur
583 3311 759 3396 imperium.
805 3334 868 3396 qua
896 3315 1003 3382 oblata
1023 3324 1212 3402 potestator

146 3420 292 3486 omnibus
306 3417 356 3482 his
372 3417 552 3484 civitatibus
567 3414 693 3482 obsides
715 3415 858 3499 imperat,
882 3425 1000 3484 certum
1015 3441 1179 3487 numerum

147 3523 281 3588 militum
302 3519 344 3584 ad
367 3540 401 3586 se
424 3519 565 3586 celeriter
586 3517 701 3584 adduci
722 3519 819 3602 iubet,
849 3541 1005 3588 armorum
1028 3531 1214 3606 quantuma

147 3644 291 3710 quaeque
314 3623 425 3689 civitas
448 3622 532 3689 domi
555 3620 701 3705 quodque
718 3627 798 3688 ante
812 3629 936 3709 tempus
960 3624 1085 3710 efficiat,
1110 3647 1179 3692 con·

146 3728 261 3814 stituit;
294 3725 439 3811 inprimis
472 3724 626 3808 equitatui
659 3724 772 3790 studet.
818 3745 959 3793 summae
996 3727 1213 3812 diligentiaee

146 3851 301 3899 summam
329 3829 452 3914 imperii
475 3828 677 3895 severitatem
698 3826 801 3912 addit;
824 3827 1043 3914 magnitudine
1065 3831 1179 3915 suppli-
