2936 4192
215 233 322 289 COMM.
332 231 368 286 11.
381 231 462 286 CAP.
473 233 753 287 XXXIII—XXXV.
772 233 879 288 donn.
890 234 940 288 lll.
953 232 1031 288 CAP.
1041 234 1140 288 1-111,
1157 221 1195 281 51

168 406 197 472 si
226 424 304 489 opus
331 423 400 469 esse
426 404 638 486 arbitraretur,
667 405 711 469 uti
733 405 766 469 in
789 405 838 470 his
860 405 936 470 locis
958 405 1114 488 legionem
1138 405 1200 469 hie-

170 506 277 571 mandi
302 527 397 572 causa
420 507 592 571 collocaret.
625 507 735 588 Galba,
766 506 912 572 secundis
934 507 1052 589 aliquot
1073 507 1237 591 proeliist

109 624 112 629 '
170 611 262 675 factis
286 611 482 693 castellisque
507 609 716 694 compluribus
739 629 845 674 eorum
868 609 1068 693 expugnatis,
1096 609 1198 674 missis

70 764 75 771 .
168 713 299 778 adeum
313 712 453 796 undique
476 713 588 797 legatis
604 712 827 793 obsidibusque
849 711 931 776 datis
951 718 982 776 et
1003 731 1081 795 pace
1103 711 1197 792 facta,

169 815 331 880 constituit
355 815 496 880 cohortes
519 814 597 879 duas
619 815 652 878 in
671 815 883 878 Nantuatibus
906 815 1056 879 collocare
1079 814 1199 898 etipse

169 938 241 982 cum
264 918 392 1000 reliquis
412 919 479 984 eius
501 917 633 999 legionis
649 917 826 982 cohortibus
847 917 880 981 in
896 917 964 981 vico
980 918 1197 1000 Veragrorum,

169 1021 223 1102 qui
246 1021 423 1104 appellatur
445 1020 629 1100 Octodurus,
653 1020 805 1103 hiemare,
834 1019 885 1101 qui
909 1020 997 1084 vicus
1023 1019 1142 1103 positus
1164 1020 1231 1087 ins

170 1123 262 1204 valle,
291 1143 353 1186 non
382 1143 499 1206 magna
525 1122 649 1186 adiecta
677 1123 822 1205 planicie,
853 1122 1012 1188 altissimis
1042 1121 1198 1186 montibus

171 1223 310 1308 undique
340 1226 524 1289 continetur.
571 1244 640 1288 cum
672 1223 724 1288 hic
753 1224 785 1288 in
820 1224 899 1288 duas
931 1231 1036 1308 partes
1069 1223 1231 1292 flumineo

169 1325 372 1408 divideretur,
403 1327 534 1391 alteram
566 1333 687 1410 partem
724 1327 790 1391 eius
819 1326 881 1390 vici
909 1326 1007 1392 Gallis
1034 1326 1196 1407 concessit,

169 1431 300 1493 alteram
324 1450 455 1494 vacuam
483 1430 524 1493 ab
551 1429 601 1492 bis
623 1429 763 1492 relictam
790 1428 967 1494 cohortibus
992 1428 1034 1492 ad
1061 1428 1198 1495 hieman-

169 1531 245 1596 dum
267 1531 417 1597 attribuit.
442 1552 512 1597 eum
535 1533 635 1596 locurn
659 1531 740 1596 vallo
763 1531 909 1614 fossaque
930 1532 1072 1595 munivit.

273 1636 313 1697 ΙΙ.
362 1635 438 1699 Ourn
467 1633 534 1698 dies
563 1632 763 1697 hibernorum
797 1634 970 1716 complures
1002 1633 1228 1714 transissent,r

169 1735 423 1818 frumentumque
446 1755 482 1800 eo
506 1735 690 1819 comportari
713 1736 862 1816 iussisset,
890 1735 992 1800 subito
1014 1755 1070 1818 per
1093 1735 1197 1819 explo-

170 1844 288 1903 ratores
311 1838 423 1902 certior
444 1838 547 1902 factus
570 1844 626 1918 est,
651 1858 690 1902 ex
714 1857 751 1902 ea
773 1843 862 1921 parte
885 1837 956 1918 vici,
981 1857 1074 1919 quam
1098 1838 1196 1901 Gallis

168 1947 380 2021 concesserat,
415 1959 523 2004 omnes
556 1946 649 2004 noctu
683 1939 878 2019 discessisse,
913 1946 1110 2020 montesque,
1142 1939 1194 2020 qui

168 2041 397 2126 impenderent,
419 2062 439 2106 a
461 2042 600 2106 maxima
622 2041 820 2106 multitudine
840 2041 1033 2108 Sedunorum
1058 2047 1088 2106 et
1103 2043 1196 2106 Vera-

169 2147 293 2226 grorum
316 2145 424 2208 teneri.
467 2143 499 2208 id
519 2145 640 2226 aliquot
662 2143 701 2208 de
725 2145 826 2210 causis
847 2145 1014 2226 acciderat,
1037 2152 1070 2210 ut
1093 2145 1228 2211 subitos

168 2245 250 2310 Galli
274 2245 348 2310 belli
371 2245 544 2311 renovandi
566 2246 762 2330 legionisque
784 2247 1006 2332 opprimendae
1033 2248 1195 2314 consilium

167 2335 331 2432 caperenti
361 2349 505 2432 primum,
537 2348 620 2431 quod
649 2349 805 2433 legionem
831 2370 933 2432 neque
960 2371 1029 2416 eam
1055 2351 1228 2434 plenissi-3

170 2470 252 2514 marn
274 2449 423 2525 detractis
446 2450 624 2516 cohortibus
650 2451 772 2516 duabus
799 2457 830 2517 et
857 2453 1065 2536 compluribus
1091 2453 1195 2536 singil-

169 2553 265 2633 latim,
290 2553 342 2634 qui
360 2553 699 2636 commeatuspetendi
723 2573 818 2618 causa
840 2555 924 2619 missi
949 2561 1046 2634 erant,
1069 2561 1195 2638 propter

170 2655 358 2736 paucitatem
379 2655 607 2739 despiciebant,
631 2662 697 2720 tum
712 2656 816 2736 etiarn,
840 2655 922 2736 quod
937 2661 1063 2738 propter
1084 2656 1228 2738 iniqui-r

168 2763 264 2821 tatem
287 2757 356 2838 loci,
385 2778 455 2822 curn
478 2758 537 2841 ipsi
561 2777 601 2822 ex
624 2758 782 2822 montibus
803 2758 836 2820 in
859 2757 971 2822 vallem
995 2757 1194 2821 decurrerent

168 2865 199 2922 et
226 2859 290 2923 tela
321 2861 507 2940 conicerent,
538 2879 578 2924 ne
607 2861 741 2943 primum
771 2859 896 2942 quidem
925 2879 1017 2943 posse
1043 2859 1193 2944 impeturn

166 2979 257 3025 suum
288 2961 433 3026 sustineri
461 2961 692 3026 existimabant.
738 2961 918 3042 accedebat,
942 2960 1023 3043 quod
1051 2982 1123 3027 suos
1151 2964 1227 3033 abs

166 3080 200 3126 se
222 3062 337 3127 hberos
359 3065 532 3128 abstractos
555 3063 697 3128 obsidum
721 3065 845 3128 nomine
868 3063 1015 3128 dolebant
1039 3072 1069 3128 et
1083 3066 1193 3129 Roma-

168 3184 223 3228 nos
245 3183 309 3228 non
333 3165 431 3230 solum
454 3165 599 3229 itinerum
623 3187 727 3247 causa,
751 3165 918 3231 sedetiam
942 3173 1111 3250 perpetuae
1125 3187 1193 3251 pos-

166 3266 315 3331 sessionis
349 3267 485 3331 culmina
514 3268 639 3351 Alpium
673 3289 825 3352 occupare
859 3269 964 3333 conari
998 3275 1029 3333 et
1059 3290 1096 3334 ea
1124 3271 1193 3334 loca

167 3367 318 3432 linitimae
341 3369 521 3452 provinciae
543 3368 714 3452 adiungere
737 3370 796 3434 sibi
818 3390 1000 3453 persuasum
1022 3372 1191 3436 habebant.

269 3471 327 3534 ΙΙΙ.
358 3471 430 3536 'His
452 3461 574 3535 nuntiis
592 3473 729 3555 acceptis
751 3472 861 3554 Galba,
890 3493 958 3538 curn
985 3493 1088 3556 neque
1115 3494 1192 3558 opus
1212 3498 1226 3544 1

168 3570 365 3636 hibernorum
388 3573 637 3654 munitionesque
660 3575 753 3657 plene
776 3581 879 3639 essent
905 3575 1063 3658 perfectae
1090 3596 1192 3657 neque

165 3671 206 3738 de
232 3673 388 3738 frumento
416 3675 596 3758 reliquoque
624 3682 797 3740 commeatu
820 3678 896 3742 satis
919 3683 1001 3742 esset
1023 3678 1190 3760 provisum,

165 3775 249 3856 quod
271 3775 430 3840 deditione
453 3775 538 3840 facta
553 3777 776 3858 obsidibusque
791 3779 928 3862 acceptis
950 3779 1028 3842 nihil
1050 3778 1191 3844 debello

303 3921 304 3925 ,
1003 3881 1037 3928 4*
