2936 4192
268 180 320 244 [50
614 196 663 250 DE
680 195 796 250 BELLO
814 195 975 250 GALLICO

267 371 426 448 -emerant,
466 367 603 452 capitum
642 385 789 430 numerus
827 365 869 430 ad
908 386 979 431 eum
1017 368 1133 434 relatus
1172 374 1220 434 est
1252 369 1306 434 mi·

275 470 352 534 lium
381 469 611 553 quinquaginta
639 467 741 533 trium.

378 571 528 636 XXXIV.
573 569 692 635 Eodem
719 576 858 655 ternpore
884 590 905 635 a
930 572 1041 636 Publio
1065 572 1188 654 Crasso,
1212 593 1305 656 quem
1365 600 1368 605 ·

276 693 347 739 oum
369 673 493 757 legione
515 692 579 738 una
600 673 727 737 miserat
749 671 791 737 ad
810 673 958 754 Venetos,
973 674 1131 756 Venellos,
1155 674 1304 757 Osismos,

278 775 489 856 (turiosolitas,
511 774 654 855 Esubios,
677 775 836 856 Aulercos,
859 774 1015 858 Redones,
1044 796 1125 859 quae
1147 783 1221 842 sunt
1242 798 1305 842 ma-

276 878 399 943 ritimae
429 877 572 942 civitates
603 875 826 958 Oceanumque
854 877 1024 960 attingrmt,
1058 879 1170 944 certior
1203 879 1305 944 faetus

266 986 333 1061 -est,
356 999 465 1045 omnes
488 999 542 1044 eas
565 978 709 1043 civitates
734 978 768 1054 in
794 978 950 1044 dicionem
976 985 1226 1064 potestatemque
1252 1001 1305 1064 po·

237 1108 239 1112 ¹
268 1083 341 1168 ¹puli
362 1082 497 1148 Romani
520 1101 590 1148 esse
612 1080 764 1147 redactas.

238 1206 256 1253 r
378 1184 512 1248 XXXV.
536 1183 594 1248 His
609 1183 702 1248 rebus
716 1183 814 1266 gestis
835 1184 921 1250 omni
944 1185 1047 1250 Gallia
1068 1191 1192 1269 pacata,
1215 1192 1304 1250 tanta

276 1286 368 1351 huius
394 1285 469 1350 belli
495 1284 537 1349 ad
567 1285 717 1350 barbaros
748 1285 855 1368 opinio
885 1287 1006 1369 perlata
1034 1292 1091 1368 est,
1122 1287 1167 1351 uti
1197 1288 1304 1354 abiis

277 1387 466 1469 nationibus,
498 1406 579 1469 quae
610 1393 696 1451 trans
723 1385 868 1450 Rhenum
896 1387 1077 1470 incolerent,
1107 1389 1304 1454 mitterentur

276 1490 372 1573 legati
401 1489 443 1553 ad
474 1489 650 1569 Gaesarem,
681 1488 734 1570 qui
764 1507 798 1552 se
828 1488 953 1554 obsides
983 1489 1120 1572 daturas,
1150 1490 1304 1575 imperata

234 1614 257 1661 :a
277 1593 413 1656 facturas
440 1591 667 1676 pollicerentur.
714 1609 792 1672 quas
817 1591 991 1674 legationes
1015 1592 1141 1673 Caesar,
1165 1592 1248 1675 quod
1269 1593 1303 1658 in

278 1695 401 1759 ltaliam
430 1693 652 1777 Illyricumque
681 1692 879 1777 properabat,
909 1693 989 1759 inita
1017 1695 1161 1777 proxima
1183 1701 1303 1760 aestate

241 1817 257 1864 a
275 1797 317 1862 ad
339 1816 374 1862 se
396 1795 510 1861 reverti
531 1795 629 1860 iussit.
674 1796 743 1880 ipse
768 1795 801 1858 in
826 1795 988 1877 Oamutes,
1010 1795 1128 1877 Andes,
1151 1797 1302 1878 Turones,

276 1919 418 1982 quaeque
442 1899 584 1963 civitates
605 1899 799 1982 propinquae
820 1899 870 1966 his
891 1899 966 1963 locis
988 1904 1087 1980 erant,
1110 1899 1164 1963 ubi
1187 1899 1303 1964 bellum

225 2010 232 2020 '
275 2007 426 2086 gesserat,
453 2000 628 2083 legionibus
656 2001 688 2064 in
715 2000 919 2065 hibernacula
948 1999 1091 2065 deductis
1118 2001 1151 2064 in
1179 2001 1301 2065 ltaliam

242 2102 434 2186 rprcfectus
457 2106 512 2165 cst.
543 2101 582 2165 ob
606 2121 722 2184 easque
744 2122 794 2167 res
817 2122 856 2166 ex
879 2103 990 2166 litteris
1015 2103 1157 2168 Caesaris
1179 2103 1211 2166 in
1235 2102 1303 2168 dies

277 2202 456 2284 quindecim
479 2201 663 2285 supplicatio
685 2203 812 2268 decreta
834 2211 890 2284 est,
919 2204 1002 2286 quod
1024 2211 1098 2269 ante
1124 2204 1157 2268 id
1179 2211 1303 2287 tempus

276 2302 392 2367 accidit
413 2302 498 2366 nulli.

687 2430 892 2438 ——---

574 2596 608 2679 o.
635 2576 752 2679 suun
780 2595 1006 2680 clusinis

372 2752 475 2851 DE
521 2751 793 2853 BELLO
842 2751 1206 2854 GALLIOO

536 2947 842 3009 COMMENTARIUS
867 2950 1043 3009 TERTIUS.

245 3163 258 3209 1
380 3143 405 3206 Ι.
442 3142 520 3207 Oum
541 3142 575 3206 in
597 3141 721 3205 ltaliam
743 3140 989 3224 proficisceretur
1012 3141 1136 3222 caesar,
1160 3140 1304 3208 Servium

278 3243 412 3308 Galbam
436 3263 505 3307 cum
527 3243 651 3327 legione
673 3243 746 3307 XII.
768 3248 799 3308 et
820 3249 909 3326 parte
932 3243 1088 3325 equitatus
1109 3243 1143 3308 in
1165 3244 1304 3308 Nantua-

278 3351 335 3425 tes,
362 3345 518 3427 Veragros
542 3345 747 3426 Sedunosque
768 3345 862 3425 misit,
890 3344 942 3426 qui
965 3345 1006 3408 ab
1030 3343 1145 3410 linibus
1166 3345 1305 3410 Allobro·

278 3467 353 3530 gum
377 3452 408 3510 et
429 3447 499 3510 lacu
521 3447 682 3511 Lemanno
710 3453 742 3510 et
768 3445 895 3510 flumine
920 3445 1073 3512 Rhodano
1099 3446 1140 3510 ad
1167 3467 1305 3512 summas

243 3569 259 3618 a
278 3549 375 3632 Alpes
390 3549 557 3632 pertinent.
589 3568 684 3623 causa
698 3547 842 3612 mittendi
858 3548 925 3630 fuit,
949 3548 1032 3631 quod
1046 3549 1105 3614 iter
1127 3569 1183 3633 per
1197 3550 1305 3634 Alpes,

279 3670 340 3733 qno
362 3671 477 3733 magno
500 3670 571 3715 cum
593 3651 730 3734 periculo
753 3650 939 3732 magnisque
961 3671 1032 3715 cum
1058 3652 1202 3736 portoriis
1228 3671 1306 3716 mer·

245 3759 401 3819 scatores
422 3751 468 3817 ira
495 3759 691 3834 consuerant,
718 3751 858 3836 patefieri
886 3753 1020 3818 volebat.
1054 3753 1127 3818 huic
1154 3753 1305 3838 permisit,
