2960 4192
282 185 345 249 196
614 203 664 256 ns
681 187 797 258 sunno
816 203 977 258 GALLICO

280 373 517 440 fortissimorum
540 373 626 437 milia
649 392 706 438 sex
728 373 870 458 peditum
886 373 1040 459 delegisse
1064 375 1247 460 equitesque
1270 397 1311 442 ex

279 477 365 541 omni
394 496 524 542 numero
554 476 648 561 mille,
679 497 756 559 quos
784 477 817 540 in
839 477 963 543 insidiis
986 497 1023 543 eo
1045 477 1113 544 loco
1136 479 1314 564 collocaret,

279 599 373 662 quem
401 579 435 644 in
463 579 566 644 locum
595 584 723 664 propter
746 579 868 671 copiam
891 579 1040 645 frumenti
1062 600 1101 646 ac
1123 579 1231 666 pabuli
1252 581 1314 647 Ro

243 703 260 751 a
278 701 389 748 manos
411 682 561 748 missuros
583 682 803 766 suspicaretur.
832 703 893 766 quo
917 683 1041 767 cognito
1065 685 1195 750 consilio
1216 683 1315 768 legio

277 806 335 852 nes
371 787 477 870 plures
509 806 603 870 quam
637 786 758 852 solebat
793 786 896 852 educit
930 787 1183 871 equitatumque,
1217 807 1312 872 quem

278 890 514 974 pabulatoribus
530 889 654 956 mittere
668 889 825 976 praesidio
842 897 1016 975 consuerat,
1032 892 1220 976 praemittit,
1237 890 1313 956 huic

243 994 448 1079 sinterponit
469 995 588 1058 auxilia
615 993 694 1059 levis
716 1000 907 1080 armaturae5
937 995 1005 1079 ipse
1032 1013 1103 1059 cunr
1132 995 1313 1080 legionibus

279 1117 373 1179 quam
395 1102 499 1181 potest
521 1097 659 1162 maxime
681 1097 922 1182 appropinquat.

245 1221 258 1268 r
381 1201 500 1265 XVIII.
524 1200 640 1265 Hostes
663 1199 696 1264 in
718 1199 842 1266 insidiis
865 1199 1019 1285 dispositi,
1050 1220 1121 1266 cum
1144 1199 1205 1267 sibi
1227 1199 1312 1264 dele-

276 1303 399 1387 gissent
414 1321 558 1386 campum
572 1301 614 1367 ad
636 1322 702 1367 rem
717 1302 889 1386 gerendam
912 1324 975 1368 non
991 1304 1125 1387 amplius
1147 1308 1310 1387 patentem

276 1405 310 1470 in
340 1425 449 1470 omnes
477 1410 584 1488 partes
613 1405 758 1490 passibus
788 1405 882 1490 mille,
906 1405 994 1472 silvis
1016 1405 1156 1489 undique
1178 1411 1232 1470 aut
1254 1405 1310 1470 im-

277 1508 471 1594 peditissimo
513 1507 642 1574 flumine
688 1509 859 1594 munitum,
900 1511 988 1576 velut
1031 1509 1181 1594 indagine
1224 1509 1311 1574 hunc

242 1612 399 1681 cinsidiis
422 1599 701 1678 circumdederunt.
746 1613 909 1698 explorato
938 1613 1074 1679 hostium
1098 1611 1226 1680 consilio
1256 1633 1310 1678 no

276 1716 333 1782 stri
354 1714 396 1780 ad
418 1714 635 1799 proeliandum
657 1715 762 1781 animo
783 1721 878 1799 atquo
893 1715 988 1782 armis
1010 1715 1121 1801 parati,
1145 1735 1215 1781 cum
1238 1715 1311 1781 sub·

276 1819 480 1902 sequentibus
502 1818 679 1904 legionibus
708 1819 827 1884 nullam
857 1818 1090 1886 dimicationem
1115 1825 1310 1904 recusarent,

243 1923 436 1991 sturmatim
458 1921 491 1986 in
522 1941 594 1986 eum
622 1921 726 1986 locum
756 1920 961 1987 devenerunt.
1007 1942 1137 2006 quorum
1167 1921 1309 1987 adventu

278 2047 348 2091 cum
377 2023 438 2092 sibi
462 2025 594 2091 Correus
623 2025 760 2091 oblatam
787 2026 983 2092 occasionem
1005 2027 1051 2092 rei
1073 2025 1233 2110 gerendae
1255 2045 1310 2092 ex-

276 2129 438 2210 istimaret,
461 2128 597 2212 primum
620 2147 690 2192 cum
712 2128 821 2213 paucis
851 2148 886 2195 se
908 2128 1045 2194 ostendit
1067 2135 1162 2213 atque
1183 2129 1216 2194 in
1239 2149 1309 2216 pro-

242 2233 380 2300 eximas
403 2240 521 2296 turmas
543 2232 694 2315 impetum
718 2231 802 2296 fecit.
825 2233 923 2298 nostri
946 2239 1126 2298 constanter
1147 2233 1309 2298 incursum

152 2329 154 2332 ’
277 2335 433 2401 sustinent
454 2333 670 2399 insidiatorum
694 2354 797 2416 neque
818 2335 923 2419 plures
944 2335 1090 2401 inunum
1113 2336 1213 2402 locum
1237 2355 1308 2400 con-

276 2436 421 2523 veniunt;
445 2436 528 2522 quod
542 2438 726 2522 plerumque
742 2439 937 2521 equestribus
952 2439 1078 2523 proeliis
1093 2458 1164 2504 cum
1179 2443 1310 2523 propter

276 2541 411 2623 aliquem
434 2540 577 2605 timorem
598 2538 721 2625 accidit,
745 2546 812 2606 tum
833 2539 1032 2607 multitudine
1054 2541 1191 2626 ipsorum
1214 2539 1310 2606 detri-

276 2649 416 2708 mentum
438 2642 597 2727 accipitur.

243 2770 256 2816 r
378 2749 466 2813 XIX.
514 2747 593 2813 Oum
622 2747 780 2832 dispositis
810 2748 919 2812 turmis
948 2746 981 2812 in
1004 2747 1106 2814 vicem
1134 2747 1197 2814 rari
1218 2767 1309 2833 proe-

275 2853 424 2916 liarentur
438 2869 541 2933 neque
555 2850 597 2914 ab
612 2850 762 2916 lateribus
779 2849 997 2915 circumveniri
1018 2869 1091 2916 suos
1112 2856 1307 2935 paterentur,

239 2975 257 3023 a
276 2960 443 3038 erumpunt
465 2955 560 3018 ceteri
584 2954 697 3019 Correo
719 2954 892 3038 proeliante
915 2973 955 3018 ex
983 2953 1079 3019 silvis.
1124 2954 1160 3019 fit
1188 2973 1307 3038 magna

276 3057 476 3122 contentione
498 3055 657 3122 diversum
679 3057 841 3140 proelium.
887 3054 1063 3138 quodcum
1090 3055 1206 3124 diutius
1235 3057 1306 3143 pari

274 3160 374 3224 Marte
403 3159 547 3244 iniretur,
577 3159 730 3244 paulatim
761 3179 809 3224 ex'
834 3159 922 3224 silvis
955 3159 1107 3244 instructa
1139 3159 1307 3226 multitudo

274 3256 417 3348 procedit
449 3261 600 3346 peditum,
633 3281 713 3346 quae
746 3267 868 3328 nostros
899 3261 1002 3345 coegit
1032 3261 1143 3327 cedere
1173 3262 1303 3345 equites.

276 3365 389 3447 quibus
412 3365 552 3430 celeriter
574 3365 765 3430 subveniunt
786 3365 866 3432 levis
880 3371 1057 3430 armaturae
1078 3365 1210 3451 pedites,
1227 3386 1307 3449 quos

275 3474 349 3533 ante
378 3467 519 3552 legiones
548 3468 660 3534 missos
687 3467 788 3552 docui,
818 3467 990 3551 turmisque
1013 3473 1189 3534 nostrorum
1211 3468 1306 3534 inter-

238 3593 256 3640 s
275 3571 368 3656 positi
391 3576 569 3636 constanter
590 3571 790 3656 proeliantur.
834 3576 994 3654 pugnatur
1015 3569 1207 3653 aliquamdiu
1236 3571 1305 3656 pari

275 3675 487 3758 contentione;
511 3673 635 3754 deinde,
659 3681 694 3738 ut
719 3675 798 3739 ratio
820 3673 999 3758 postulabat
1020 3675 1140 3758 proelii,
1164 3669 1217 3758 qui
1240 3695 1305 3741 sus·

274 3776 433 3840 tinuerant
470 3775 587 3860 primos
625 3777 761 3860 impetus
793 3775 991 3861 insidiarum,
1030 3775 1089 3841 hoc
1121 3775 1190 3860 ipso
1224 3776 1307 3842 fiunt
