2966 4196
431 308 537 365 colim
551 309 601 364 Vl.
619 309 702 364 O'AP.
716 309 970 366 XXX-XXXIV.
1156 295 1215 360 131

184 489 250 547 tum
273 481 371 566 copiis
392 482 426 546 in
441 487 505 547 tres
526 489 633 567 partes
648 482 822 548 distributis
836 482 1064 568 impedimenta
1078 483 1216 549 omnium
1234 504 1251 552 a

182 585 343 668 legionum
375 584 574 651 Aduatucam
607 586 746 652 contulit.
790 586 825 651 id
858 587 977 652 castelli
1010 607 1124 652 nomen
1159 593 1251 656 estc

182 687 243 754 boo
271 687 338 753 lere
368 694 415 754 est
443 689 477 753 in
506 688 620 754 mediis
640 689 823 754 Eburonum
844 689 971 771 finibus,
1000 690 1056 756 ubi
1077 690 1217 756 Titurius

183 796 278 873 atque
299 791 529 856 Aurunculeius
555 791 716 856 hiemandi
746 811 842 857 causa
871 791 1086 858 consederant.
1132 791 1251 864 hunos

184 913 255 958 oum
276 894 405 977 reliquis
426 896 521 961 rebus
543 895 646 960 locum
667 896 824 980 probarat,
852 901 919 959 tum
942 894 1026 978 quod
1048 895 1218 979 superioris

182 997 260 1061 anni
280 997 470 1062 munitiones
491 997 636 1082 integrae
657 999 838 1083 manebant,
864 1003 900 1061 ut
921 997 1055 1062 militum
1076 999 1217 1064 laborem

61 1098 66 1106 ’
183 1100 369 1165 sublevaret.
414 1100 572 1185 praesidio
606 1099 841 1185 impedimentis
873 1100 1030 1184 legionem
1062 1107 1217 1182 quartam-

183 1201 337 1267 decimum
351 1202 487 1286 reliquit,
509 1223 606 1267 unam
621 1223 663 1268 ex
685 1202 735 1268 his
757 1203 866 1286 tribus,
890 1224 968 1286 quas
987 1204 1131 1289 proxime
1146 1223 1216 1269 con·

183 1305 314 1390 scriptas
336 1326 377 1370 ex
399 1306 493 1370 Italia
514 1305 707 1371 traduxerat.
742 1305 772 1372 ei
794 1307 910 1391 legioni
932 1307 1105 1390 castrisque
1120 1306 1251 1384 Quin-s

183 1414 249 1472 tum
270 1409 406 1473 Tullium
430 1409 613 1475 Ciceronem
641 1409 784 1494 praeficit
805 1409 1020 1493 ducentosque
1042 1411 1164 1493 equites
1186 1410 1216 1476 ei

181 1511 332 1576 attribuit.

284 1615 437 1680 XXXIII.
483 1616 602 1680 Partito
632 1615 774 1681 exercitu
803 1615 909 1680 Titum
938 1617 1113 1682 Labienum
1144 1637 1248 1686 cumr

182 1717 358 1802 legionibus
379 1718 479 1783 tribus
500 1717 543 1782 ad
558 1718 719 1784 Oceanum
738 1737 848 1784 versus
869 1719 903 1783 in
926 1739 980 1784 eas
994 1727 1110 1804 partes,
1133 1741 1215 1803 quae

182 1821 344 1905 Menapios
369 1821 538 1904 attingunt,
568 1819 724 1905 proficisci
752 1821 849 1903 iubet,
880 1821 993 1887 Gaium
1022 1821 1249 1892 Treboniums

182 1944 254 1988 cum
282 1923 351 2008 pari
380 1923 539 2008 legionum
561 1943 691 1990 numero
712 1923 755 1989 ad
782 1943 852 1990 eam
874 1923 1045 2008 regionem,
1069 1943 1151 2007 quae
1172 1925 1214 1990 ad

182 2025 362 2091 Aduatucos
383 2025 517 2108 adiacet,
548 2025 801 2112 depopulandam
823 2027 931 2112 mittit3
961 2027 1031 2112 ipse
1053 2047 1124 2092 cum
1146 2029 1249 2098 reli-s

182 2129 252 2211 quis
274 2129 374 2195 tribus
394 2128 437 2193 ad
458 2129 576 2195 flumen
597 2128 753 2212 scaldem,
783 2128 867 2213 quod
896 2129 1000 2195 influit
1028 2130 1062 2195 in
1084 2129 1214 2213 Mosam,

182 2239 402 2316 extremasque
427 2231 620 2299 Arduennae
648 2239 755 2319 partes
782 2233 830 2299 ire
859 2233 1029 2316 constitnit,
1059 2253 1121 2317 quo
1144 2255 1214 2300 oum

182 2336 291 2420 paucis
320 2335 478 2418 equitibus
506 2335 682 2420 profectum
710 2335 926 2421 Ambiorigem
948 2335 1108 2403 audiebat.
1153 2335 1250 2408 diss

181 2438 298 2504 cedens
318 2445 391 2522 post
411 2437 497 2503 diem
518 2438 686 2523 septimum
712 2457 784 2504 sese
812 2457 1011 2505 reversurum
1040 2439 1214 2522 meimet,

183 2562 276 2624 quam
304 2540 347 2604 ad
368 2540 453 2606 diem
475 2541 505 2605 ei
526 2539 653 2624 legioni,
681 2561 762 2624 quae
783 2541 817 2606 in
839 2541 997 2626 praesidio
1019 2541 1215 2626 relinquebas

182 2652 241 2726 tur,
263 2643 372 2710 deberi
393 2644 585 2708 frumentum
607 2645 735 2711 sciebat.
769 2644 944 2710 labienum
959 2645 1250 2728 'l'reboniumquet

182 2748 331 2830 hortatur,
354 2747 382 2812 si
402 2746 597 2831 reipublicae
611 2745 774 2814 commodo
795 2745 903 2812 lacere
924 2745 1055 2831 prosint,
1077 2745 1120 2811 ed
1143 2767 1212 2812 carn

180 2851 266 2916 diem
287 2855 494 2932 revertantur,
516 2855 552 2914 ut
573 2867 681 2916 rursus
702 2849 930 2916 communicato
953 2847 1082 2916 amaillo
1109 2849 1215 2935 expio

182 2956 320 3037 ratisque
352 2953 489 3020 bestium
520 2952 695 3019 rationibus
723 2949 810 3018 aliud
838 2951 963 3018 initium
992 2951 1066 3018 belli
1101 2971 1215 3038 capere

182 3059 310 3142 possint.

283 3160 434 3226 XXXIV.
478 3160 564 3244 Erat,
593 3165 629 3224 ut
657 3178 753 3244 supra
778 3157 1072 3242 dcmmsmvimns,
1101 3175 1247 3228 mannn

180 3271 268 3328 certa
285 3263 382 3346 nulla,
403 3283 467 3329 non
482 3260 644 3348 oppidum,
666 3281 730 3327 urin
745 3259 947 3348 piramidum,
970 3259 1054 3344 quoi
1068 3281 1104 3328 se
1118 3261 1215 3328 amris

180 3366 375 3448 defenderet,
397 3365 454 3433 sed
475 3365 508 3431 in
530 3383 640 3432 omnm
663 3371 768 3450 pamm
789 3361 933 3448 dispersa
954 3363 1128 3430 multitudo.
1161 3363 1249 3432 noir

181 3471 296 3552 cuique
323 3477 380 3535 aut
404 3471 505 3535 valles
534 3466 644 3534 aidila
672 3473 727 3532 arnt
757 3467 842 3532 lacus
872 3465 1025 3532 silvestris
1047 3473 1103 3532 aot
1124 3467 1216 3552 palm

181 3572 334 3657 impedita
362 3593 449 3657 spone
481 3571 628 3657 presidii
674 3579 729 3634 ant
758 3569 1028 3652 attributionem
1051 3569 1214 3648 concretas,

181 3675 375 3741 consederat.
410 3675 490 3740 bae:
512 3673 814 3740 maciomanum
836 3679 926 3736 ‘crant
949 3680 1032 3754 ruta,
1055 3689 1249 3754 summme

183 3799 245 3861 que
266 3799 317 3845 res
338 3779 532 3862 diligwiarn
557 3777 820 3858 replicationi
844 3775 876 3838 in
906 3793 1029 3838 errrurca
1058 3771 1216 3838 exertam

182 3881 302 3946 tuenda
321 3919 365 3930 -
387 3883 505 3946 saliae
536 3881 620 3946 caira
652 3888 773 3964 prm
804 3876 1019 3941 universitati
1043 3875 1217 3958 [maritis

1026 3979 1060 4024 a*
