2966 4196
462 251 571 306 COMM.
584 251 633 305 VI.
652 249 736 305 GAP.
748 251 942 305 XXI-XXV.
1160 237 1218 300 127

188 431 220 490 et
235 424 394 488 hominem
416 426 560 508 probant,
583 443 735 505 suumque
750 425 903 488 auxilium
917 425 1103 508 pollicentur
1124 432 1219 508 atque

187 526 229 591 ab
244 527 443 591 multitudine
457 526 685 610 collaudantur3
703 527 756 609 qui
772 547 813 590 ex
828 527 877 592 his
893 528 991 592 secuti
1007 549 1070 594 non
1087 536 1170 610 sunt,
1185 529 1219 592 in
1236 549 1252 597 s

187 629 382 695 desertorum
403 649 442 694 ac
464 630 656 714 proditorum
677 649 807 694 numero
829 629 994 713 ducuntur,
1017 633 1219 714 omniumque

186 731 236 797 his
258 752 361 797 rerum
383 739 493 816 postea
522 732 602 797 fides
624 732 800 814 derogatur.
846 732 1001 818 hospitem
1024 735 1140 801 violare
1169 735 1251 803 fase

186 855 250 900 non
272 842 399 920 putant;
431 836 484 918 qui
507 855 703 919 quacumque
725 835 765 900 de
796 856 892 902 causa
913 837 955 901 ad
978 857 1031 902 eos
1053 845 1217 918 venemnt,

185 939 227 1004 ab
249 939 365 1003 iniuria
387 939 564 1022 prohibent,
587 946 712 1004 sanctos
734 939 863 1020 habent,
886 939 998 1022 hisque
1012 941 1152 1005 omnium
1166 939 1218 1004 do-

186 1061 256 1106 mus
277 1048 389 1126 patent
410 1043 574 1125 victusque
597 1043 850 1107 communicatur.

289 1146 407 1210 XXIV.
430 1146 478 1210 Ao
499 1145 559 1210 fuit
580 1151 675 1210 antea
697 1152 830 1229 tempus,
854 1165 925 1210 cum
947 1146 1120 1212 Germanos
1135 1146 1218 1212 Galli
1237 1167 1248 1214 1

185 1247 302 1312 virtute
321 1255 515 1332 superarent,
538 1249 618 1313 ultro
634 1249 718 1314 bella
732 1248 893 1331 inferrent,
916 1256 1042 1332 propter
1056 1249 1217 1315 hominum

185 1349 418 1416 multitudinem
447 1351 579 1433 agrique
610 1351 751 1435 inopiam
784 1357 871 1415 trans
901 1351 1046 1417 Rhenum
1080 1352 1217 1418 colonias

185 1453 354 1518 mitterent,
384 1453 491 1536 itaque
518 1473 566 1535 ea,
597 1474 678 1536 quae
707 1454 900 1518 fertilissima
922 1454 1110 1520 Germaniae
1133 1462 1250 1536 sunta

185 1555 255 1620 loca
276 1555 392 1620 circum
414 1557 606 1639 Hercyniam
633 1558 744 1622 silvam
774 1595 817 1604 -
847 1577 941 1638 quam
963 1557 1163 1623 Eratostheni
1186 1565 1217 1622 et

185 1657 373 1740 quibusdam
403 1659 532 1724 Graecis
560 1659 646 1724 fama
675 1666 782 1724 notam
812 1679 882 1724 esse
911 1659 1014 1740 video,
1045 1679 1140 1742 quam
1171 1661 1216 1724 illi

185 1760 357 1844 Orcyniam
381 1763 543 1846 appellant
565 1799 608 1809 -
630 1763 746 1826 Volcae
768 1763 959 1844 Tectosages
984 1768 1216 1845 occupaverunt

184 1869 280 1946 atque
294 1864 339 1929 ibi
354 1865 576 1949 consederunt;
600 1884 681 1947 quae
703 1883 782 1947 gens
796 1863 839 1928 ad
854 1863 914 1927 hoc
928 1869 1052 1946 tempus
1067 1863 1116 1929 his
1136 1863 1216 1929 sedi·
1232 1886 1247 1934 u

184 1967 244 2032 bus
266 1987 335 2032 sese
358 1968 497 2032 continet
519 1986 733 2049 summamque
755 1966 852 2031 habet
874 1966 1012 2030 iustitiae
1031 1972 1062 2030 et
1084 1967 1215 2032 bellicae

185 2069 287 2134 laudis
306 2070 494 2154 opinionem.
532 2089 616 2134 nunc
639 2068 722 2152 quod
743 2069 777 2134 in
800 2068 911 2134 eadem
932 2068 1049 2152 inopia,
1073 2075 1249 2153 egestates

184 2172 400 2256 patientiaque
423 2173 572 2238 Germani
594 2178 789 2256 permanent,
821 2171 930 2237 eodem
952 2172 1038 2236 victu
1069 2178 1101 2237 et
1130 2172 1215 2238 cultu

185 2275 321 2360 corporis
350 2282 488 2356 utuntur,
521 2276 618 2341 Gallis
648 2281 753 2340 autem
775 2275 1007 2358 provinciarum
1036 2275 1246 2359 propinqui-c

184 2384 233 2444 tas
263 2384 295 2442 et
323 2379 603 2443 transmarinarum
633 2397 736 2442 rerum
767 2378 878 2442 notitia
907 2379 1005 2442 multa
1026 2378 1069 2442 ad
1092 2379 1214 2462 copiam

183 2488 279 2564 atque
300 2501 375 2546 usus
397 2482 536 2563 largitur,
558 2481 717 2563 paulatim
739 2480 909 2545 assuefacti
935 2482 1075 2564 superari
1097 2481 1246 2549 multis-o

184 2605 245 2666 que
271 2585 347 2648 victi
375 2585 502 2668 proeliis
532 2604 572 2647 ne
602 2604 635 2647 se
663 2582 789 2664 quidem
818 2583 879 2666 ipsi
909 2603 980 2646 cum
1008 2583 1070 2647 illis
1099 2583 1214 2648 virtute

184 2692 377 2770 comparant.

285 2790 387 2854 XXV.
432 2789 533 2854 Huius
565 2789 745 2871 Hercyniae
779 2789 886 2866 silvae,
921 2807 1001 2868 quae
1035 2807 1131 2869 supra
1160 2787 1243 2857 ‹le-1

163 2959 168 2964 ,
183 2899 356 2958 monstrata
371 2898 428 2973 est,
451 2890 582 2956 latitudo
597 2911 711 2956 novem
727 2891 848 2956 dierum
869 2889 929 2953 iter
944 2888 1091 2972 expedito
1111 2896 1211 2974 patet;

183 3017 247 3061 non
274 2996 357 3061 enim
387 2996 477 3059 aliter
504 2994 585 3058 finiri
616 3001 728 3079 potest,
755 3013 858 3076 neque
881 3012 1043 3057 mensuras
1065 2993 1213 3057 itinerum

183 3105 345 3164 noverunt.
391 3098 486 3162 oritur
507 3096 548 3161 ab
571 3097 786 3162 Helvetiorum
809 3103 840 3161 et
862 3097 1028 3160 Nemetum
1052 3102 1083 3159 et
1105 3097 1212 3160 116111-
1230 3118 1245 3164 a

183 3221 288 3266 corum
310 3202 425 3267 finibus
447 3207 594 3282 rectaque
614 3201 752 3265 fluminis
766 3199 904 3264 Danuvii
926 3198 1054 3282 regione
1076 3199 1212 3282 pertinet

182 3303 223 3368 ad
246 3305 325 3369 fines
346 3306 503 3370 Dacorum
526 3311 558 3370 et
579 3303 757 3387 Anartium,
781 3302 855 3366 hino
877 3321 911 3366 se
933 3300 1031 3365 flectit
1060 3302 1245 3370 sinistrora

182 3427 235 3472 sus
257 3407 390 3473 diversis
411 3409 453 3472 ab
475 3407 605 3472 flumine
627 3406 807 3490 regionibus
826 3406 1055 3488 multarumque
1070 3406 1212 3489 gentium

182 3511 261 3576 fines
294 3517 420 3596 propter
452 3509 701 3594 magnitudinem
733 3509 874 3593 attingit;
909 3527 1012 3590 neque
1046 3509 1244 3591 quisquam4

182 3619 230 3678 est
251 3615 344 3679 huius
367 3614 563 3694 Germaniae,
592 3614 645 3696 qui
674 3633 709 3679 se
730 3619 785 3677 aut
806 3611 912 3678 adisse
933 3610 975 3675 ad
997 3610 1121 3674 initium
1144 3611 1210 3675 eius

181 3717 279 3784 silvae
302 3717 396 3799 dicat,
420 3739 490 3783 cum
505 3717 626 3782 dierum
647 3717 707 3781 iter
721 3717 779 3780 LX
794 3713 989 3799 processerit,
1012 3719 1076 3793 aut,
1093 3733 1153 3794 quo
1169 3732 1210 3778 ex

181 3821 249 3886 loco
279 3822 404 3901 oriatur,
434 3821 604 3903 acceperit;
635 3819 795 3899 multaque
817 3817 851 3880 in
874 3837 912 3881 ea
934 3835 1051 3899 genera
1073 3815 1210 3880 ferarum
1228 3837 1241 3884 1

339 4181 456 4194 ·—-=2·
487 4189 518 4192 --
551 4191 597 4194 vs.
