2936 4192
245 153 289 218 52
579 166 628 220 DE
646 164 761 219 BELLO
779 163 940 219 GALLIGO

245 338 418 405 timendum
438 338 684 418 existimaverat,
707 336 835 402 consilio
856 335 997 400 celeriter
1016 339 1187 400 convocato
1209 353 1276 399 sen·

211 443 361 512 atentias
388 442 552 524 exquirere
579 440 689 524 coepit.
736 458 797 521 quo
826 438 860 502 in
890 437 1029 519 consili0,
1061 457 1132 502 cum
1154 441 1275 501 tantum

245 545 401 630 repentini
429 545 558 629 periculi
588 548 712 628 praeter
741 541 920 626 opinionem
949 539 1117 605 accidisset
1145 559 1184 604 ac
1212 539 1275 604 iam

246 649 352 714 omnia
377 647 443 712 fere
470 647 630 731 superiora
655 647 725 710 loca
750 643 950 708 multitudine
975 649 1167 708 armatorum
1197 662 1276 708 com-

245 753 331 836 pleta
358 750 619 834 conspicerentur,
646 767 750 830 neque
776 745 915 812 subsidio
942 746 1043 811 veniri
1070 765 1173 827 neque
1196 765 1276 809 eom·

182 909 184 912 .
213 859 368 922 emeatus
397 853 573 938 supportari
602 850 778 916 interclusis
810 849 974 914 itineribus
1006 855 1145 932 possent,
1179 867 1278 931 prope

246 957 309 1020 iam
332 956 498 1041 desperata
520 956 621 1020 salute
642 953 811 1018 nonnullae
832 949 1011 1016 huiusmodi
1033 950 1210 1016 sententiae
1232 949 1275 1013 di-

247 1059 406 1138 cebantur,
429 1063 465 1121 ut
485 1055 718 1141 impedimentis
739 1054 854 1120 relictis
876 1053 1037 1137 emptione
1059 1051 1144 1118 facta
1164 1051 1276 1118 iisdem

246 1160 419 1240 itineribus,
443 1160 557 1241 quibus
579 1179 615 1224 eo
638 1157 864 1242 pervenissent,
891 1155 933 1220 ad
955 1156 1098 1221 salutem
1111 1155 1276 1221 contende

214 1284 229 1330 4
247 1267 325 1326 rent.
370 1261 480 1326 maiori
507 1267 613 1326 tamen
639 1260 721 1344 parti
742 1259 869 1344 placuit,
897 1258 957 1324 hoc
978 1264 1137 1324 reservato
1159 1258 1202 1323 ad
1224 1279 1276 1323 ex-

246 1371 380 1428 tremum
407 1363 535 1428 oonsilio
562 1363 685 1426 interim
712 1363 757 1426 rei
785 1368 932 1427 eventum
960 1359 1096 1445 experiri
1120 1368 1151 1426 et
1174 1367 1276 1426 castra

247 1465 426 1530 defendere.

216 1591 228 1636 r
349 1568 403 1634 IV.
448 1567 543 1633 Brevi
573 1567 674 1651 spatio
703 1567 876 1647 interiecta
907 1567 962 1630 vix
992 1571 1027 1631 ut
1059 1568 1163 1647 rebus,
1198 1585 1276 1649 quas

231 1671 491 1751 ‘constituissent
521 1668 711 1735 collocandis
739 1676 835 1751 atque
862 1668 1120 1734 administrandis
1153 1675 1277 1753 tempus
1340 1655 1341 1658 ¹

247 1774 382 1855 daretur,
405 1773 511 1838 hostes
534 1793 574 1838 ex
589 1773 734 1838 omnibus
748 1772 891 1857 partibus
905 1771 996 1855 signo
1012 1770 1085 1836 dato
1101 1770 1276 1854 decurrere,

214 1899 229 1944 a
246 1876 368 1961 lapides
389 1895 548 1960 gaesaque
569 1875 603 1940 in
625 1876 741 1939 vallum
764 1874 914 1939 conicere.
959 1874 1057 1939 nostu'
1078 1875 1178 1958 primo
1200 1875 1276 1940 inte

247 1980 311 2062 gris
333 1979 452 2043 viribus
474 1977 595 2043 fortiter
615 1996 792 2061 repugnare
814 1996 916 2059 neque
929 1977 1027 2041 ullum
1042 1977 1158 2042 frustra
1179 1979 1276 2042 telum

248 2101 289 2146 ex
317 2083 385 2146 loeo
415 2081 573 2164 superiore
601 2080 734 2160 mittere,
764 2087 799 2143 ut
830 2091 971 2162 quaeque
1000 2099 1073 2164 pars
1104 2091 1276 2146 castrorum

215 2183 368 2253 enudata
397 2182 614 2247 defensoribus
646 2181 746 2265 premi
772 2181 948 2263 videbatur,
982 2201 1019 2247 eo
1053 2203 1214 2249 occurrere
1245 2190 1276 2249 el

247 2285 400 2350 auxilium
426 2284 518 2365 ferre,
545 2283 602 2350 sed
628 2284 688 2349 hoc
714 2285 863 2368 superari,
891 2285 975 2368 quod
996 2283 1201 2352 diuturnitate
1222 2307 1276 2370 pu·

248 2407 332 2472 gnae
353 2387 458 2452 hostes
481 2386 594 2452 defessi
617 2387 735 2470 proelio
755 2386 961 2469 excedebant,
976 2387 1038 2452 'alii
1060 2389 1192 2472 integris
1206 2390 1276 2455 viri-

247 2492 307 2556 bus
328 2489 553 2574 suocedebant3
577 2509 708 2572 quarum
729 2509 832 2554 rerum
854 2491 1003 2556 anostris
1024 2497 1151 2575 propter
1172 2493 1277 2576 pauci-

214 2615 228 2661 r
248 2600 344 2658 tatem
366 2591 434 2657 fieri
456 2592 535 2656 nibil
556 2597 688 2676 poterat,
710 2613 749 2657 ac
763 2613 826 2658 non
841 2591 934 2658 modo
956 2591 1080 2658 defesso
1103 2612 1144 2658 ex
1166 2614 1275 2677 pugna

138 2737 139 2741 =
248 2695 432 2776 excedendi,
455 2694 511 2760 sed
533 2715 574 2760 ne
594 2696 702 2761 saucio
725 2694 851 2778 quidem
874 2695 941 2760 eius
963 2695 1033 2776 loci,
1056 2695 1111 2760 ubi
1134 2697 1277 2762 coustite

248 2805 305 2879 rat,
328 2797 524 2879 relinquendi
546 2817 585 2862 ac
607 2798 655 2863 sui
677 2797 849 2881 recipiendi
871 2797 1006 2862 facultas
1027 2797 1170 2864 dabatur.

217 2923 228 2969 1
350 2899 388 2964 V.
424 2899 502 2964 (lum
523 2900 587 2963 iam
608 2901 742 2983 amplius
763 2899 848 2965 horis
870 2920 927 2966 sex
943 2901 1140 2966 continenter
1158 2923 1277 2986 pugna

247 3007 331 3068 retur
352 3021 476 3067 acuon
499 3003 598 3066 solum
620 3003 712 3083 vires,
736 3001 793 3068 sed
815 3003 909 3067 etiam
931 3004 995 3068 tela
1020 3009 1143 3070 nostros
1165 3003 1276 3070 defice

248 3111 326 3185 rent,
338 3111 433 3186 atque
444 3104 550 3169 hostes
560 3105 663 3170 acrius
674 3105 828 3170 instarent
839 3104 1148 3189 languidioribusque
1162 3107 1277 3173 nostris

247 3208 364 3272 vallum
398 3206 539 3272 scindere
563 3213 604 3278 ,et
632 3207 734 3272 fossas
763 3209 918 3292 complere
949 3208 1133 3292 coepissent,
1164 3221 1278 3292 resque

213 3331 229 3378 a
248 3315 331 3375 esset
351 3309 416 3373 iam
437 3308 480 3372 ad
502 3315 675 3374 extremum
698 3309 849 3393 perducta
871 3331 987 3392 casum,
1003 3311 1134 3377 Publius
1149 3312 1278 3378 Sextius

247 3411 391 3492 Baculus,
413 3410 507 3496 primi
529 3411 584 3494 pili
608 3413 756 3494 centurio,
780 3433 873 3496 quem
895 3414 1031 3480 Nervico
1056 3416 1175 3499 proelio
1198 3436 1277 3481 oom-

247 3515 387 3599 pluribus
418 3513 594 3579 confectum
623 3515 804 3581 vulneribus
834 3515 980 3598 diximus,
1012 3524 1044 3582 et
1072 3518 1149 3582 item
1178 3519 1278 3584 Gaius

247 3618 431 3698 Volusenus,
461 3617 606 3682 tribunus
634 3617 777 3698 militum,
806 3618 855 3682 vir
888 3626 919 3683 et
953 3620 1073 3684 consilii
1106 3621 1215 3702 magni
1245 3627 1276 3685 et

160 3729 163 3734 '
248 3720 380 3800 virtutis,
410 3718 451 3782 ad
482 3719 616 3784 Galbam
644 3725 811 3783 accurrunt
840 3726 934 3802 atque
963 3741 1060 3784 unam
1090 3739 1158 3786 esse
1188 3741 1277 3804 spem
