2966 4196
434 226 542 283 couri.
555 227 589 282 u.
609 225 691 281 cnr.
704 189 961 282 xxnr-r'rxvn.
1170 209 1208 274 97

177 409 298 488 partem
321 399 499 465 ducendam
514 396 655 480 dederat,
678 399 804 465 milibus
826 419 975 483 passuum
992 405 1118 464 centum
1142 419 1212 465 oon·

178 505 367 570 timebantur.
394 503 462 586 ipse
476 503 606 586 interea,
624 501 726 584 quoad
742 501 883 585 legiones
898 501 1064 566 collocatas
1078 502 1210 566 munita-
1229 521 1245 569 a

178 627 239 692 que
261 608 394 674 hiberna
416 604 624 689 cognovisset,
646 605 680 668 in
704 604 806 669 Callia
827 603 942 669 morari
965 604 1133 670 constituit.

279 709 381 775 XXV.
422 709 499 772 Erat
519 707 553 771 in
577 707 767 773 Carnutibus
790 726 910 771 summo
932 707 1000 772 loco
1021 712 1115 770 natus
1136 708 1211 772 Tas
1230 728 1244 775 1

177 815 289 899 getius,
313 812 401 877 cuius
422 811 555 876 maiores
577 811 611 875 in
633 831 691 875 sua
705 810 833 874 civitate
848 828 980 894 regnum
999 809 1209 875 obtinuerant.

176 918 250 982 huic
272 917 390 982 Caesar
415 934 472 998 pro
499 914 566 979 eius
593 913 707 978 virtute
734 919 830 996 atque
856 912 890 976 in
917 932 951 977 se
978 913 1244 994 benevolentias

177 1019 261 1105 qnod
282 1019 316 1084 in
338 1017 483 1083 omnibus
505 1017 596 1081 bellis
618 1016 769 1100 singulari
792 1016 860 1082 eius
884 1034 979 1099 opera
1001 1015 1104 1080 fuerat
1124 1034 1209 1096 usus,

176 1124 329 1188 maiorum
357 1121 460 1185 locum
489 1119 675 1184 restituerat.
721 1118 848 1183 tertium
877 1119 940 1182 iam
973 1117 1058 1183 hunc
1090 1138 1243 1187 annuma

177 1231 362 1310 regnantem
390 1222 510 1286 inimici
539 1222 644 1287 multIs
673 1222 778 1306 palam
809 1241 850 1286 ex
878 1221 1005 1286 civitate
1031 1221 1210 1287 auctoribus

176 1327 408 1394 interfecerunt.
440 1324 579 1390 defertur
601 1345 640 1390 ea
661 1345 712 1390 res
733 1323 775 1390 ad
798 1325 975 1390 Caesarem.
1005 1325 1059 1390 ille
1081 1325 1208 1406 veritus,
1227 1347 1244 1394 r

178 1430 261 1513 quod
282 1429 324 1494 ad
345 1429 450 1512 plures
472 1447 522 1494 res
544 1428 731 1511 pertinebat,
755 1448 796 1492 ne
819 1427 931 1492 civitas
946 1448 1053 1493 eorum
1074 1428 1210 1512 impulsu

177 1532 334 1611 deiiceret,
356 1532 488 1596 Lucium
510 1531 661 1596 Plancum
688 1551 760 1596 eum
785 1531 910 1615 legione
937 1551 978 1596 ex
999 1531 1110 1616 Belgio
1133 1532 1210 1597 cele-

176 1636 251 1702 riter
272 1635 306 1698 in
322 1635 475 1700 Carnutes
493 1633 648 1717 proficisci
667 1633 756 1698 iubet
776 1633 884 1715 ibique
904 1633 1052 1714 hiemare,
1068 1653 1210 1716 quorum·

178 1759 238 1822 que
260 1757 356 1822 opera
378 1741 567 1820 cognoverat
588 1735 772 1820 Tasgetium
802 1735 1012 1816 interiectum,
1043 1735 1100 1801 hos
1130 1757 1209 1802 eom-

177 1841 348 1926 prehensos
376 1837 418 1904 ad
447 1857 482 1904 se
510 1838 643 1904 mittere.
688 1839 814 1903 interim
844 1839 884 1904 ab
915 1839 1061 1904 omnibus
1095 1838 1242 1923 legatiss

178 1949 413 2028 quaesturaque,
444 1941 558 2024 quibus
587 1941 728 2024 legiones
754 1940 935 2024 tradiderat,
969 1941 1081 2006 certior
1106 1941 1210 2007 faetus

178 2054 234 2131 est,
256 2047 290 2110 in
312 2045 445 2110 hiberna
466 2049 653 2128 perventum
674 2045 840 2126 locumque
863 2063 932 2110 esse
953 2043 1117 2108 munitum.

279 2147 397 2213 XXVI.
427 2147 548 2212 Diebus
568 2147 690 2212 circiter
704 2147 774 2230 XV,
798 2147 912 2228 quibus
933 2147 967 2212 in
989 2146 1122 2212 hiberna
1136 2167 1240 2214 ven-r

178 2260 244 2318 tum
266 2258 322 2332 est,
345 2250 469 2314 initium
490 2250 648 2334 repentini
669 2251 819 2315 tumultus
841 2270 879 2314 ao
901 2249 1087 2316 defectionis
1108 2257 1210 2316 ortum

177 2363 225 2422 est
239 2357 279 2422 ab
295 2353 476 2437 Ambiorige
492 2359 523 2418 et
538 2353 721 2438 Catuuolco,
738 2354 790 2435 qui
806 2373 877 2418 cum
892 2353 1028 2418 adfines
1049 2354 1140 2438 regni
1161 2354 1208 2420 sui
1227 2375 1243 2422 a

177 2458 294 2525 Sabino
322 2456 494 2537 Cottaeque
522 2462 647 2539 praesto
677 2455 810 2520 fuissent
835 2455 1089 2538 frumentumque
1110 2456 1144 2520 in
1165 2455 1209 2520 hi-

176 2563 276 2627 berna
305 2548 593 2642 comportavissent,
622 2557 829 2624 Indutiomari
850 2557 981 2624 'lbeveri
1010 2558 1129 2623 nuntiis
1154 2559 1209 2623 im-

176 2663 258 2748 pulsi
280 2681 353 2726 suos
375 2659 612 2725 concitaverunt
634 2660 800 2743 subitoque
822 2660 980 2744 oppressis
1001 2660 1209 2743 lignatoribus

177 2785 294 2850 magna
330 2783 425 2828 manu
458 2761 500 2827 ad
537 2769 640 2829 castra
673 2768 889 2847 oppugnatum
921 2768 1085 2828 venerunt.
1138 2783 1242 2833 cumo

178 2853 319 2934 celeriter
347 2866 445 2932 nostri
474 2886 562 2930 arma
595 2866 752 2950 cepissent
781 2866 960 2948 vallumque
992 2865 1210 2932 ascendissent

176 2978 272 3053 atque
297 2989 362 3033 una
388 2988 429 3032 ex
455 2975 545 3052 parte
570 2969 722 3052 Hispanis
749 2967 907 3050 equitibus
929 2968 1051 3034 emissis
1073 2970 1210 3050 equestri

176 3073 294 3158 proelio
323 3071 498 3155 superiores
524 3069 666 3151 fuissent,
697 3069 863 3154 desperata
890 3091 925 3136 re
945 3070 1052 3136 hostes
1074 3089 1146 3138 suos
1167 3074 1208 3140 ab

176 3174 411 3261 oppugnatione
426 3173 628 3238 reduxerunt.
659 3179 726 3238 tum
741 3174 1026 3255 conclamaverunt,
1048 3175 1094 3240 uti
1112 3176 1210 3258 aliqui
1226 3199 1242 3244 r

177 3299 219 3346 ex
240 3275 418 3344 nostrised
441 3275 627 3358 colloquium
648 3275 800 3360 prodiret:
831 3276 948 3342 habere
963 3297 1042 3359 sese,
1066 3299 1147 3361 quae
1169 3278 1209 3344 de

177 3402 211 3448 re
240 3380 397 3447 communi
426 3378 531 3444 dicere
560 3379 686 3461 vellent,
717 3379 830 3461 quibus
860 3380 954 3445 rebus
984 3382 1210 3448 controversias

176 3485 275 3550 minui
297 3502 390 3567 posse
412 3487 583 3567 sperarent.

279 3586 414 3652 XXVII.
459 3585 591 3650 Mittitur
616 3583 659 3648 ad
687 3605 740 3650 eos
767 3586 964 3668 colloquendi
991 3605 1086 3651 causa
1112 3585 1239 3654 Caiusr

177 3690 356 3774 Arpineius,
380 3707 476 3770 eques
498 3689 669 3768 Romanus,
699 3687 862 3752 familiaris
892 3687 1003 3764 Quinti
1025 3689 1147 3770 Titurii,
1178 3695 1210 3753 et

177 3793 313 3871 Quintus
335 3791 444 3856 lunius
467 3810 508 3856 ex
523 3789 678 3873 Hispania
694 3789 831 3871 quidam,
855 3790 908 3872 qui
930 3789 993 3854 iarn
1015 3797 1090 3854 ante
1112 3791 1206 3856 missu

229 3904 345 3950 Caesar,
361 3900 458 3944 debello
473 3899 562 3940 Gallico.
1039 3896 1053 3941 7
