2936 4192
309 239 350 302 28
644 257 693 310 un
711 254 826 310 annno
845 255 1007 311 onnnroo

280 511 285 522 ι
308 434 473 512 oporteret,
490 428 516 494 si
532 429 564 494 in
581 436 701 495 nostros
715 429 795 494 fines
809 429 965 514 impetum
980 428 1108 512 faceret,
1125 427 1170 494 sie
1191 427 1267 493 item
1283 448 1342 494 nos
1358 485 1360 488 .

271 552 289 598 o
309 551 377 596 esse
392 531 525 615 iniquos,
542 531 626 615 quod
640 531 673 595 in
689 551 745 596 suo
759 531 826 596 iure
841 551 876 597 se
890 531 1169 616 interpellaremus.
1186 531 1270 614 quod
1280 531 1342 596 fra

309 639 372 700 tres
385 633 513 700 Aeduos
532 635 707 719 appellatos
729 635 855 718 diceret,
879 655 941 700 non
965 655 1000 701 se
1022 641 1087 700 tem
1103 635 1273 700 barbarum
1288 655 1342 701 ne·

309 757 369 819 que
391 744 457 802 tam
479 737 658 822 imperitum
679 757 748 804 esse
762 757 875 822 rerum,
891 744 927 802 ut
941 759 1004 803 non
1020 739 1122 827 sciret,
1139 759 1241 822 neque
1256 739 1341 805 bello

308 840 511 924 Allobrogum
540 841 683 925 proximo
709 839 836 905 Aeduos
862 841 1012 906 Romanis
1037 841 1189 906 auxilium
1220 843 1339 927 tulisse,

308 963 411 1027 neque
433 944 518 1028 ipsos
540 944 573 1009 in
595 943 645 1010 his
668 943 929 1038 contentionibus,
953 963 1031 1025 quas
1053 945 1156 1010 Aedui
1179 965 1285 1012 seeum
1308 953 1341 1011 et

309 1067 379 1113 cum
411 1047 567 1130 Sequanis
597 1047 790 1129 habuissent,
821 1046 940 1111 auxilio
970 1047 1077 1131 populi
1105 1034 1239 1113 R'omani
1266 1069 1340 1115 usos

258 1170 290 1217 ro
308 1157 385 1216 esse.
432 1149 547 1215 debere
577 1169 611 1215 se
641 1149 802 1232 suspicari,
831 1148 977 1214 simulata
1001 1151 1167 1216 Gaesarem
1190 1143 1338 1236 amicitia,

309 1252 392 1335 quod
418 1252 589 1317 exereitum
616 1253 649 1317 in
672 1252 775 1318 Gallia
797 1250 922 1336 habeat,
949 1251 998 1318 sui
1020 1253 1218 1338 opprimendi
1244 1275 1339 1320 cansa

258 1376 287 1423 11
308 1355 434 1420 babere.
469 1355 522 1438 qui
541 1355 601 1420 nisi
622 1354 755 1420 decedat
774 1360 869 1436 atque
890 1355 1062 1421 exercitum
1082 1355 1217 1422 deducat
1233 1378 1273 1422 ex
1289 1357 1338 1423 his

307 1458 497 1543 regionibus,
521 1478 590 1524 sese
605 1459 693 1522 illum
708 1479 771 1524 non
793 1479 849 1542 pro
871 1458 981 1542 amico,
1005 1459 1062 1524 sed
1077 1479 1132 1544 pro
1147 1459 1237 1526 hoste
1253 1461 1338 1526 habi-

257 1583 289 1630 m
308 1569 420 1626 turum.
466 1561 550 1644 quod
575 1561 603 1627 si
623 1549 702 1626 ,eum
729 1559 929 1643 interfecerit,
958 1561 1063 1627 multis
1089 1583 1158 1628 sese
1180 1564 1337 1630 nobilibus

308 1664 562 1750 principibusque
584 1665 691 1750 populi
714 1664 847 1728 Romani
870 1669 994 1748 gratum
1018 1685 1087 1730 esse
1110 1665 1278 1732 facturum:
1304 1667 1337 1732 id

308 1788 341 1834 sc
363 1767 404 1834 ab
427 1769 504 1853 ipsis
519 1789 575 1853 per
591 1788 697 1834 eorum
713 1767 839 1833 nuntios
855 1774 1047 1852 compertum
1063 1767 1189 1853 habere,
1207 1790 1335 1852 quorum

307 1872 446 1938 omnium
467 1872 602 1956 gratiam
632 1878 728 1954 atque
757 1870 929 1935 amicitiam
960 1869 1026 1936 eius
1056 1877 1155 1936 morte
1183 1872 1336 1939 redimere

258 1997 288 2044 sa
307 1983 421 2060 posset.
467 1975 551 2059 quod
584 1975 610 2041 si
645 1974 840 2040 discessisset
872 1979 904 2038 et
941 1973 1074 2039 liberam
1107 1977 1335 2059 possessionem

308 2079 428 2144 Galliae
455 2079 516 2144 sibi
542 2077 731 2159 tradidisset,
759 2097 874 2161 magno
903 2096 937 2142 se
963 2077 1052 2142 illum
1078 2079 1216 2162 praemio
1239 2100 1336 2145 remu-

307 2188 487 2247 neraturum
514 2188 554 2265 et,
586 2199 800 2263 quaecumque
830 2180 914 2244 bella
942 2180 1010 2264 geri
1040 2181 1145 2266 vellet,
1176 2181 1245 2248 sine
1274 2183 1336 2249 uflo

307 2284 375 2350 eius
395 2283 503 2349 labore
525 2289 557 2349 et
579 2282 715 2368 periculo
738 2281 960 2348 confecturum.

275 2409 287 2455 ι
409 2387 505 2452 XLV.
529 2385 628 2450 Multa
649 2386 690 2450 ab
721 2387 855 2452 Caesare
877 2386 910 2451 in
938 2407 1008 2452 eam
1035 2387 1224 2453 sententiam
1252 2388 1336 2453 dicta

307 2496 388 2574 sunt,
420 2509 515 2572 quare
545 2489 671 2572 negotio
700 2487 851 2554 desistere
880 2510 943 2555 non
974 2495 1094 2574 posset:
1122 2511 1224 2574 neqne
1246 2513 1335 2557 suam

307 2613 408 2677 neque
438 2591 545 2678 populi
574 2591 708 2657 Romani
742 2592 1000 2676 consuetudinem
1030 2594 1106 2678 pati,
1140 2595 1186 2659 nti
1218 2597 1335 2680 optime

306 2703 462 2762 merentes
491 2695 591 2762 socios
624 2693 791 2780 desereret,
825 2715 928 2778 neque
958 2715 993 2762 se
1022 2697 1168 2780 iudicare,
1199 2698 1334 2764 Galliam

271 2799 409 2884 apotius
431 2819 500 2865 esse
522 2797 671 2864 Ariovisti
694 2818 788 2879 quam
810 2798 917 2882 populi
939 2800 1082 2864 Romani.
1106 2802 1188 2866 bello
1211 2821 1335 2886 supera·

306 2909 353 2968 tos
376 2921 444 2967 esse
467 2903 625 2966 Arvernos
647 2908 679 2966 et
700 2902 840 2966 Rutenos
861 2901 902 2966 ab
926 2901 1042 2978 Quinto
1064 2904 1164 2969 Fabio
1185 2905 1334 2986 Maximo,

306 3006 417 3089 quibus
439 3005 572 3088 populus
587 3006 747 3069 Romanus
765 3003 938 3088 ignovisset
960 3025 1062 3088 neque
1085 3006 1118 3070 in
1140 3007 1333 3091 provinciam

269 3107 478 3192 sredegisset
504 3127 607 3189 neque
634 3105 824 3190 stipendium
847 3107 1055 3190 imposuisset.
1102 3108 1185 3190 qnod
1207 3109 1234 3174 si
1256 3109 1334 3176 anti·

305 3211 488 3294 quissimum
511 3209 656 3292 qnodque
675 3215 799 3292 tempus
818 3209 953 3292 spectari
968 3217 1133 3295 oporteret,
1154 3212 1262 3296 populi
1275 3213 1334 3279 lto

304 3315 389 3379 mani
416 3312 619 3378 iustissimum
646 3330 716 3377 esse
742 3311 775 3376 in
802 3311 905 3378 Galba
927 3313 1106 3400 imperium,
1134 3313 1161 3380 si
1183 3314 1334 3382 iudicium
1365 3319 1367 3323 ’

304 3423 431 3484 senatus
453 3415 613 3481 observari
629 3421 793 3500 oporteret,
816 3414 948 3481 liberam
970 3415 1087 3483 debere
1101 3437 1171 3484 esse
1187 3417 1332 3501 Galliam,

296 3541 397 3611 ¹quam
420 3519 502 3585 bello
524 3518 641 3584 victam
663 3517 728 3584 suis
749 3518 872 3603 legibus
898 3519 944 3584 uti
966 3519 1125 3586 voluisset.

271 3647 284 3693 1
320 3630 323 3637 '
405 3623 519 3689 XLVI.
563 3623 648 3688 Dum
673 3620 753 3688 haec
778 3622 811 3688 in
838 3622 990 3706 colloquio
1016 3630 1175 3710 geruntius,
1204 3623 1332 3690 Caesari

296 3715 477 3784 nuntiatum
500 3724 558 3804 est,
584 3721 705 3805 equites
728 3717 879 3785 Ariovisti
905 3721 1035 3802 propius
1058 3725 1220 3788 tumulum
1233 3744 1320 3793 acce·

297 3821 369 3888 dere
383 3831 415 3894 et
438 3830 478 3895 ad
500 3835 625 3898 nostros
649 3831 839 3914 adequitare,
858 3835 978 3920 lapides
997 3831 1124 3915 telaque
1142 3837 1175 3901 in
1193 3835 1318 3906 nostros
