2936 4192
303 241 344 302 14
637 254 686 306 DE
703 252 820 310 BELLO
837 252 999 308 GALLICO

267 451 282 496 ι
403 427 522 492 XXIV.
546 427 716 522 Postquam
739 425 773 489 id
794 425 1108 510 animumadvertit,
1132 427 1238 510 copias
1261 447 1334 492 suas

301 531 418 596 Cacsar
439 531 473 594 in
495 529 672 614 proximum
700 529 811 592 collem
838 526 983 593 subducit
1010 529 1254 611 equitatumque,
1282 532 1335 611 qui

263 655 283 703 a
301 634 469 698 sustineret
490 631 626 696 hostium
648 632 809 714 impetum,
832 631 927 696 misit.
965 631 1033 715 ipse
1053 632 1178 696 interim
1200 632 1233 696 in
1257 635 1335 698 colle

302 736 406 802 medio
427 736 582 819 triplicem
608 735 709 799 aciem
732 735 882 800 instruxit
903 736 1072 818 legionum'
1085 743 1231 818 quattuor
1252 748 1336 803 vete·
1407 730 1409 734 ’

302 860 461 924 ranarum;
488 841 522 903 in
549 858 670 904 summo
696 838 770 921 iugo
793 838 871 903 duas
894 839 1045 923 legiones,
1073 860 1151 921 quas
1177 841 1210 905 in
1233 840 1336 906 Gallia
1405 891 1412 910 ,

303 943 444 1008 citeriore
459 943 602 1026 proxime
618 941 854 1026 conscripserat,
871 949 903 1006 et
917 943 1024 1007 omnia
1037 944 1157 1008 auxilia
1172 945 1337 1010 collocavit

265 1067 341 1114 sac
355 1053 455 1112 totum
469 1052 609 1111 montem
624 1043 803 1109 hominibus
824 1045 1006 1130 complevit;
1027 1047 1166 1112 sarcinas
1185 1047 1219 1111 in
1238 1068 1336 1113 unum

302 1151 405 1213 locum
429 1147 563 1212 conferri
586 1154 617 1212 et
637 1167 708 1211 eum
727 1148 768 1212 ab
791 1147 850 1231 his,
874 1148 928 1230 qui
947 1148 980 1212 in
1000 1150 1159 1232 superiore
1178 1151 1245 1214 acie
1265 1171 1336 1216 eon-

265 1252 456 1334 4stiterant‚
479 1250 593 1316 muniri
615 1251 713 1315 iussit.
749 1250 886 1314 Helvetii
907 1270 976 1315 cum
997 1253 1141 1317 omnibus
1161 1254 1225 1318 suis
1241 1256 1336 1320 caruis

304 1355 402 1419 secuti
424 1353 651 1438 impedimenta
671 1353 705 1417 in
727 1373 824 1418 unum
846 1355 948 1417 locum
972 1356 1182 1441 contulerunt;
1209 1357 1269 1440 ipsi
1291 1379 1336 1422 re-

303 1458 384 1522 iecto
398 1463 503 1522 nostro
520 1457 659 1539 equitatu
677 1456 837 1539 phalange
857 1456 941 1520 facta
961 1459 1018 1522 sub
1041 1459 1174 1542 primam
1197 1467 1334 1524 nostram

303 1561 405 1625 aciem
427 1567 653 1626 successerunt.

269 1687 284 1732 1
407 1663 508 1728 XXV.
544 1663 661 1728 Cacsar
693 1663 828 1746 primum
862 1683 931 1748 suo,
971 1665 1085 1730 deinde
1123 1667 1260 1731 omnium
1294 1687 1335 1731 ex

305 1774 473 1853 conspectu
513 1768 640 1832 remotis
681 1767 783 1851 equis,
825 1775 858 1831 ut
898 1775 1032 1850 aequato
1072 1770 1209 1852 periculo
1247 1791 1335 1853 spem

266 1893 285 1940 a
305 1872 399 1956 fugae
421 1871 556 1954 tolleret,
580 1870 758 1935 cohortatus
780 1890 853 1935 suos
876 1872 1027 1954 proelium
1051 1873 1213 1936 commisit.
1259 1873 1335 1937 mili-

304 1983 352 2039 tes
383 1975 489 2038 eloco
516 1973 674 2056 superiore
696 1973 768 2055 pilis
795 1973 898 2038 missis
925 1973 1018 2037 facile
1045 1973 1180 2037 hostium
1206 1974 1335 2056 phalan-

304 2097 377 2159 gem
399 2075 625 2159 perfregerunt.
672 2095 710 2138 ea
736 2073 868 2138 disiecta
893 2074 1007 2156 gladiis
1035 2075 1189 2140 destrictis
1218 2076 1251 2140 in
1282 2098 1335 2143 eos

267 2180 456 2261 simpetum
482 2176 633 2241 fecerunt.
684 2175 782 2240 Gallis
813 2196 928 2259 magno
955 2177 997 2240 ad
1023 2198 1162 2260 pugnam
1190 2187 1256 2244 erat
1281 2181 1335 2244 im-

305 2281 499 2364 pedimento,
534 2278 618 2361 quod
646 2279 788 2362 pluribus
818 2299 923 2344 eorum
953 2281 1048 2345 scutis
1078 2301 1139 2346 uno
1169 2283 1233 2347 ictu
1261 2284 1335 2367 pilo-

306 2406 374 2448 rum
400 2382 560 2447 transfixis
587 2388 618 2446 et
645 2381 812 2465 colligatis,
844 2403 914 2447 cum
941 2382 1057 2447 ferrum
1087 2404 1121 2448 se
1150 2385 1333 2470 inflexisset,

306 2506 408 2570 neque
438 2487 573 2550 evellere
602 2504 705 2567 neque
734 2486 860 2550 sinistra
888 2486 1040 2570 impedita
1069 2488 1145 2552 satis
1175 2490 1335 2554 commode

268 2610 448 2676 opugnarc
478 2595 637 2673 poterant,
671 2589 760 2653 multi
793 2597 828 2653 ut
860 2589 914 2654 diu
946 2590 1061 2654 iactato
1093 2591 1220 2656 brachio
1234 2609 1236 2614 ·
1249 2613 1335 2677 prae·

307 2700 452 2778 optarent
484 2698 606 2757 scutum
638 2712 734 2756 manu
767 2693 909 2758 emittere
943 2700 974 2758 et
1007 2693 1091 2758 nudo
1125 2714 1252 2779 corpore
1283 2717 1335 2780 pu-

269 2817 413 2882 agnare.
458 2795 587 2860 tandem
613 2795 794 2859 vulneribus
821 2795 937 2860 defessi
965 2803 996 2860 et
1022 2796 1136 2880 pedem
1162 2799 1278 2863 referre
1305 2790 1339 2862 et

307 2899 390 2983 quod
423 2917 512 2963 mons
544 2899 654 2961 aberat
687 2897 808 2962 circiter
840 2899 925 2962 mille
957 2919 1119 2983 passuum,
1154 2920 1192 2966 eo
1224 2921 1259 2966 sc
1291 2921 1335 2964 re-

270 3005 412 3088 ccipere
435 3007 611 3084 coeperunt.
658 3007 749 3084 capto
776 3008 881 3066 monte
909 3008 940 3065 ct
962 3003 1201 3067 succedentibus
1223 3005 1336 3068 nostris

308 3107 377 3171 Boii
407 3112 438 3169 et
463 3104 599 3186 Tulingi,
629 3103 683 3185 qui
711 3102 872 3168 hominum
901 3105 1026 3169 milibus
1055 3105 1176 3169 circiter
1202 3107 1262 3170 XV
1284 3127 1336 3188 ag-
1436 3153 1439 3159 .

308 3229 380 3273 men
407 3208 543 3272 hostium
573 3206 761 3270 claudebant
790 3214 822 3271 et
850 3208 1027 3272 novissimis
1053 3207 1209 3291 praesidio
1237 3216 1334 3291 erant,

310 3332 350 3375 ex
376 3311 488 3374 itinere
517 3315 639 3373 nostros
667 3310 764 3372 latere
794 3315 902 3392 aperto
931 3311 1071 3393 aggressi
1102 3310 1334 3394 circumvenire,

310 3422 341 3478 et
360 3412 393 3475 id
413 3412 583 3494 conspicati
596 3412 743 3493 Helvetii,
767 3413 819 3494 qui
841 3413 874 3475 in
893 3419 1032 3476 montem
1052 3433 1121 3477 sese
1142 3420 1334 3496 receperant,

271 3535 413 3584 trursus
435 3515 552 3578 instare
580 3521 611 3578 et
637 3515 787 3597 proelium
814 3513 1028 3597 redintegrare
1056 3525 1233 3598 coeperunt.
1278 3518 1336 3580 Ro-

310 3618 396 3682 mani
425 3635 576 3681 conversa
601 3617 694 3698 signa
719 3617 865 3699 bipertito
890 3618 1075 3681 intulerunt:
1106 3619 1208 3700 prima
1234 3627 1265 3682 et
1291 3639 1337 3684 se-

311 3717 414 3783 cunda
439 3718 532 3800 acies,
560 3725 594 3782 ut
620 3719 711 3782 victis
737 3738 775 3781 ao
802 3718 952 3783 submotis
977 3719 1143 3801 resisteret,
1172 3720 1272 3803 tertia,
1302 3727 1337 3785 ut

311 3821 473 3886 venientes
496 3821 670 3884 sustineret.
