<?xml version="1.0" encoding="UTF-8"?>
<!DOCTYPE html PUBLIC "-//W3C//DTD XHTML 1.0 Transitional//EN"
    "http://www.w3.org/TR/xhtml1/DTD/xhtml1-transitional.dtd">
<html xmlns="http://www.w3.org/1999/xhtml" xml:lang="en" lang="en">
 <head>
  <title>
</title>
<meta http-equiv="Content-Type" content="text/html;charset=utf-8" />
  <meta name='ocr-system' content='tesseract 3.04.00' />
  <meta name='ocr-capabilities' content='ocr_page ocr_carea ocr_par ocr_line ocrx_word'/>
</head>
<body>
  <div class='ocr_page' id='page_1' title='image "./commentariidebe00pramgoog_0024.png"; bbox 0 0 2936 4192; ppageno 0'>
   <div class='ocr_carea' id='block_1_1' title="bbox 441 207 1180 274">
    <p class='ocr_par' dir='ltr' id='par_1_1' title="bbox 441 207 1180 274">
     <span class='ocr_line' id='line_1_1' title="bbox 441 207 1180 274; baseline -0.005 -2"><span class='ocrx_word' id='word_1_1' title='bbox 441 217 548 274; x_wconf 84' lang='lat' dir='ltr'><strong>COMM.</strong></span> <span class='ocrx_word' id='word_1_2' title='bbox 561 218 583 272; x_wconf 89' lang='lat'>1.</span> <span class='ocrx_word' id='word_1_3' title='bbox 604 217 685 272; x_wconf 84' lang='lat' dir='ltr'>OAP.</span> <span class='ocrx_word' id='word_1_4' title='bbox 699 218 884 273; x_wconf 86' lang='lat' dir='ltr'>XIII—XVI.</span> <span class='ocrx_word' id='word_1_5' title='bbox 1161 207 1180 268; x_wconf 82' lang='grc'><strong>9</strong></span> 
     </span>
    </p>
   </div>
   <div class='ocr_carea' id='block_1_2' title="bbox 142 391 1214 3676">
    <p class='ocr_par' dir='ltr' id='par_1_2' title="bbox 142 391 1214 2003">
     <span class='ocr_line' id='line_1_2' title="bbox 249 391 1212 462; baseline 0.004 -4"><span class='ocrx_word' id='word_1_6' title='bbox 249 393 319 458; x_wconf 90' lang='lat' dir='ltr'>XV.</span> <span class='ocrx_word' id='word_1_7' title='bbox 342 393 472 457; x_wconf 90' lang='lat' dir='ltr'>Postero</span> <span class='ocrx_word' id='word_1_8' title='bbox 496 391 547 455; x_wconf 91' lang='lat' dir='ltr'>die</span> <span class='ocrx_word' id='word_1_9' title='bbox 574 399 677 455; x_wconf 91' lang='lat' dir='ltr'>castra</span> <span class='ocrx_word' id='word_1_10' title='bbox 700 411 741 456; x_wconf 87' lang='lat' dir='ltr'>ex</span> <span class='ocrx_word' id='word_1_11' title='bbox 765 411 802 456; x_wconf 88' lang='lat' dir='ltr'>eo</span> <span class='ocrx_word' id='word_1_12' title='bbox 824 392 891 457; x_wconf 89' lang='lat' dir='ltr'>loeo</span> <span class='ocrx_word' id='word_1_13' title='bbox 914 400 1051 459; x_wconf 87' lang='lat' dir='ltr'>movent.</span> <span class='ocrx_word' id='word_1_14' title='bbox 1096 393 1180 458; x_wconf 85' lang='lat' dir='ltr'>idem</span> <span class='ocrx_word' id='word_1_15' title='bbox 1202 420 1212 462; x_wconf 89' lang='lat'><em>1</em></span> 
     </span>
     <span class='ocr_line' id='line_1_3' title="bbox 144 486 1181 580; baseline 0.002 -20"><span class='ocrx_word' id='word_1_16' title='bbox 144 497 223 562; x_wconf 85' lang='lat' dir='ltr'>facit</span> <span class='ocrx_word' id='word_1_17' title='bbox 245 497 363 563; x_wconf 81' lang='lat' dir='ltr'>Caesar</span> <span class='ocrx_word' id='word_1_18' title='bbox 385 495 619 578; x_wconf 81' lang='lat' dir='ltr'>equitatumque</span> <span class='ocrx_word' id='word_1_19' title='bbox 642 486 776 580; x_wconf 86' lang='lat' dir='ltr'>omnem,</span> <span class='ocrx_word' id='word_1_20' title='bbox 800 495 842 560; x_wconf 88' lang='lat' dir='ltr'>ad</span> <span class='ocrx_word' id='word_1_21' title='bbox 856 516 1021 562; x_wconf 89' lang='lat' dir='ltr'>numerum</span> <span class='ocrx_word' id='word_1_22' title='bbox 1037 503 1181 580; x_wconf 86' lang='lat' dir='ltr'>quattuor</span> 
     </span>
     <span class='ocr_line' id='line_1_4' title="bbox 144 598 1180 684; baseline 0 -19"><span class='ocrx_word' id='word_1_23' title='bbox 144 600 276 684; x_wconf 90' lang='lat' dir='ltr'>milium,</span> <span class='ocrx_word' id='word_1_24' title='bbox 299 619 394 682; x_wconf 89' lang='lat' dir='ltr'>quern</span> <span class='ocrx_word' id='word_1_25' title='bbox 417 617 459 663; x_wconf 87' lang='lat' dir='ltr'>ex</span> <span class='ocrx_word' id='word_1_26' title='bbox 481 598 567 662; x_wconf 92' lang='lat' dir='ltr'>omni</span> <span class='ocrx_word' id='word_1_27' title='bbox 589 599 752 682; x_wconf 86' lang='lat' dir='ltr'>provincia</span> <span class='ocrx_word' id='word_1_28' title='bbox 774 605 806 663; x_wconf 89' lang='lat' dir='ltr'>ct</span> <span class='ocrx_word' id='word_1_29' title='bbox 820 598 940 664; x_wconf 83' lang='lat' dir='ltr'>Aeduis</span> <span class='ocrx_word' id='word_1_30' title='bbox 960 607 1054 683; x_wconf 90' lang='lat' dir='ltr'>atque</span> <span class='ocrx_word' id='word_1_31' title='bbox 1074 620 1180 665; x_wconf 91' lang='lat' dir='ltr'>eorum</span> 
     </span>
     <span class='ocr_line' id='line_1_5' title="bbox 143 701 1180 787; baseline 0 -19"><span class='ocrx_word' id='word_1_32' title='bbox 143 703 239 768; x_wconf 91' lang='lat' dir='ltr'>sociis</span> <span class='ocrx_word' id='word_1_33' title='bbox 263 708 404 768; x_wconf 88' lang='lat' dir='ltr'>coactum</span> <span class='ocrx_word' id='word_1_34' title='bbox 427 701 575 784; x_wconf 89' lang='lat' dir='ltr'>habebat,</span> <span class='ocrx_word' id='word_1_35' title='bbox 598 702 780 785; x_wconf 87' lang='lat' dir='ltr'>praemittit,</span> <span class='ocrx_word' id='word_1_36' title='bbox 804 703 857 784; x_wconf 92' lang='lat' dir='ltr'>qui</span> <span class='ocrx_word' id='word_1_37' title='bbox 880 702 1018 787; x_wconf 91' lang='lat' dir='ltr'>videant,</span> <span class='ocrx_word' id='word_1_38' title='bbox 1047 723 1125 787; x_wconf 90' lang='lat' dir='ltr'>quas</span> <span class='ocrx_word' id='word_1_39' title='bbox 1147 703 1180 768; x_wconf 91' lang='lat' dir='ltr'>in</span> 
     </span>
     <span class='ocr_line' id='line_1_6' title="bbox 145 805 1213 891; baseline 0.001 -19"><span class='ocrx_word' id='word_1_40' title='bbox 145 814 251 891; x_wconf 89' lang='lat' dir='ltr'>partes</span> <span class='ocrx_word' id='word_1_41' title='bbox 288 806 394 871; x_wconf 88' lang='lat' dir='ltr'>hostes</span> <span class='ocrx_word' id='word_1_42' title='bbox 433 807 492 870; x_wconf 87' lang='lat' dir='ltr'>iter</span> <span class='ocrx_word' id='word_1_43' title='bbox 524 805 653 870; x_wconf 88' lang='lat' dir='ltr'>faciant.</span> <span class='ocrx_word' id='word_1_44' title='bbox 710 807 764 888; x_wconf 93' lang='lat' dir='ltr'>qui</span> <span class='ocrx_word' id='word_1_45' title='bbox 798 805 942 890; x_wconf 89' lang='lat' dir='ltr'>cupidius</span> <span class='ocrx_word' id='word_1_46' title='bbox 974 806 1213 874; x_wconf 82' lang='lat' dir='ltr'>novissimuma</span> 
     </span>
     <span class='ocr_line' id='line_1_7' title="bbox 142 909 1179 994; baseline 0.002 -20"><span class='ocrx_word' id='word_1_47' title='bbox 142 931 261 994; x_wconf 90' lang='lat' dir='ltr'>agmen</span> <span class='ocrx_word' id='word_1_48' title='bbox 294 910 427 975; x_wconf 89' lang='lat' dir='ltr'>insecuti</span> <span class='ocrx_word' id='word_1_49' title='bbox 460 909 563 974; x_wconf 87' lang='lat' dir='ltr'>alieno</span> <span class='ocrx_word' id='word_1_50' title='bbox 596 910 664 974; x_wconf 91' lang='lat' dir='ltr'>loco</span> <span class='ocrx_word' id='word_1_51' title='bbox 695 929 765 974; x_wconf 92' lang='lat' dir='ltr'>cum</span> <span class='ocrx_word' id='word_1_52' title='bbox 796 910 936 992; x_wconf 88' lang='lat' dir='ltr'>equitatu</span> <span class='ocrx_word' id='word_1_53' title='bbox 965 911 1179 976; x_wconf 87' lang='lat' dir='ltr'>Helvetiorum</span> 
     </span>
     <span class='ocr_line' id='line_1_8' title="bbox 145 1011 1213 1096; baseline 0.004 -20"><span class='ocrx_word' id='word_1_54' title='bbox 145 1013 299 1096; x_wconf 89' lang='lat' dir='ltr'>proelium</span> <span class='ocrx_word' id='word_1_55' title='bbox 327 1012 538 1096; x_wconf 87' lang='lat' dir='ltr'>committunt;</span> <span class='ocrx_word' id='word_1_56' title='bbox 566 1017 598 1076; x_wconf 92' lang='lat' dir='ltr'>et</span> <span class='ocrx_word' id='word_1_57' title='bbox 623 1013 716 1096; x_wconf 91' lang='lat' dir='ltr'>pauci</span> <span class='ocrx_word' id='word_1_58' title='bbox 743 1011 783 1076; x_wconf 88' lang='lat' dir='ltr'>dc</span> <span class='ocrx_word' id='word_1_59' title='bbox 810 1013 924 1078; x_wconf 90' lang='lat' dir='ltr'>nostris</span> <span class='ocrx_word' id='word_1_60' title='bbox 948 1012 1073 1078; x_wconf 88' lang='lat' dir='ltr'>eadunt.</span> <span class='ocrx_word' id='word_1_61' title='bbox 1118 1033 1213 1096; x_wconf 88' lang='lat' dir='ltr'>quoa</span> 
     </span>
     <span class='ocr_line' id='line_1_9' title="bbox 144 1114 1180 1199; baseline 0 -19"><span class='ocrx_word' id='word_1_62' title='bbox 144 1115 263 1199; x_wconf 87' lang='lat' dir='ltr'>proelio</span> <span class='ocrx_word' id='word_1_63' title='bbox 291 1115 406 1180; x_wconf 81' lang='lat' dir='ltr'>sublati</span> <span class='ocrx_word' id='word_1_64' title='bbox 432 1114 581 1197; x_wconf 89' lang='lat' dir='ltr'>Helvetii,</span> <span class='ocrx_word' id='word_1_65' title='bbox 611 1115 695 1197; x_wconf 89' lang='lat' dir='ltr'>quod</span> <span class='ocrx_word' id='word_1_66' title='bbox 722 1116 904 1199; x_wconf 83' lang='lat' dir='ltr'>quingentis</span> <span class='ocrx_word' id='word_1_67' title='bbox 930 1115 1087 1198; x_wconf 89' lang='lat' dir='ltr'>equitibus</span> <span class='ocrx_word' id='word_1_68' title='bbox 1115 1121 1180 1181; x_wconf 88' lang='lat' dir='ltr'>tan·</span> 
     </span>
     <span class='ocr_line' id='line_1_10' title="bbox 144 1217 1180 1303; baseline 0.003 -22"><span class='ocrx_word' id='word_1_69' title='bbox 144 1225 211 1283; x_wconf 85' lang='lat' dir='ltr'>tam</span> <span class='ocrx_word' id='word_1_70' title='bbox 242 1217 474 1286; x_wconf 81' lang='lat' dir='ltr'>multitudinem</span> <span class='ocrx_word' id='word_1_71' title='bbox 504 1217 644 1300; x_wconf 90' lang='lat' dir='ltr'>equitum</span> <span class='ocrx_word' id='word_1_72' title='bbox 677 1219 893 1303; x_wconf 89' lang='lat' dir='ltr'>propulerant,</span> <span class='ocrx_word' id='word_1_73' title='bbox 927 1217 1078 1284; x_wconf 87' lang='lat' dir='ltr'>audacius</span> <span class='ocrx_word' id='word_1_74' title='bbox 1110 1219 1180 1284; x_wconf 89' lang='lat' dir='ltr'>sub·</span> 
     </span>
     <span class='ocr_line' id='line_1_11' title="bbox 144 1320 1179 1406; baseline 0.001 -21"><span class='ocrx_word' id='word_1_75' title='bbox 144 1321 257 1386; x_wconf 86' lang='lat' dir='ltr'>sistere</span> <span class='ocrx_word' id='word_1_76' title='bbox 272 1341 498 1403; x_wconf 90' lang='lat' dir='ltr'>nonnunquam</span> <span class='ocrx_word' id='word_1_77' title='bbox 514 1327 546 1385; x_wconf 90' lang='lat' dir='ltr'>et</span> <span class='ocrx_word' id='word_1_78' title='bbox 559 1341 581 1387; x_wconf 90' lang='lat' dir='ltr'>a</span> <span class='ocrx_word' id='word_1_79' title='bbox 595 1320 767 1386; x_wconf 89' lang='lat' dir='ltr'>novissimo</span> <span class='ocrx_word' id='word_1_80' title='bbox 782 1322 910 1404; x_wconf 89' lang='lat' dir='ltr'>agmine</span> <span class='ocrx_word' id='word_1_81' title='bbox 924 1321 1043 1406; x_wconf 90' lang='lat' dir='ltr'>proelio</span> <span class='ocrx_word' id='word_1_82' title='bbox 1058 1329 1179 1387; x_wconf 90' lang='lat' dir='ltr'>nostros</span> 
     </span>
     <span class='ocr_line' id='line_1_12' title="bbox 145 1423 1214 1509; baseline 0.004 -21"><span class='ocrx_word' id='word_1_83' title='bbox 145 1424 301 1490; x_wconf 84' lang='lat' dir='ltr'>lacessere</span> <span class='ocrx_word' id='word_1_84' title='bbox 329 1430 506 1507; x_wconf 88' lang='lat' dir='ltr'>coeperunt.</span> <span class='ocrx_word' id='word_1_85' title='bbox 558 1423 675 1489; x_wconf 83' lang='lat' dir='ltr'>Caesar</span> <span class='ocrx_word' id='word_1_86' title='bbox 704 1444 778 1490; x_wconf 90' lang='lat' dir='ltr'>suos</span> <span class='ocrx_word' id='word_1_87' title='bbox 803 1445 824 1489; x_wconf 88' lang='lat' dir='ltr'>a</span> <span class='ocrx_word' id='word_1_88' title='bbox 850 1425 968 1509; x_wconf 90' lang='lat' dir='ltr'>proelio</span> <span class='ocrx_word' id='word_1_89' title='bbox 999 1425 1214 1492; x_wconf 78' lang='lat' dir='ltr'>continebatr</span> 
     </span>
     <span class='ocr_line' id='line_1_13' title="bbox 144 1526 1179 1612; baseline 0.002 -21"><span class='ocrx_word' id='word_1_90' title='bbox 144 1547 185 1591; x_wconf 88' lang='lat' dir='ltr'>ac</span> <span class='ocrx_word' id='word_1_91' title='bbox 206 1528 283 1592; x_wconf 87' lang='lat' dir='ltr'>satis</span> <span class='ocrx_word' id='word_1_92' title='bbox 305 1526 444 1592; x_wconf 89' lang='lat' dir='ltr'>habebat</span> <span class='ocrx_word' id='word_1_93' title='bbox 465 1528 498 1591; x_wconf 93' lang='lat' dir='ltr'>in</span> <span class='ocrx_word' id='word_1_94' title='bbox 521 1527 701 1611; x_wconf 88' lang='lat' dir='ltr'>praesentia</span> <span class='ocrx_word' id='word_1_95' title='bbox 722 1527 845 1592; x_wconf 89' lang='lat' dir='ltr'>hostem</span> <span class='ocrx_word' id='word_1_96' title='bbox 868 1528 987 1611; x_wconf 88' lang='lat' dir='ltr'>rapinis</span> <span class='ocrx_word' id='word_1_97' title='bbox 1010 1529 1179 1612; x_wconf 91' lang='lat' dir='ltr'>populatio·</span> 
     </span>
     <span class='ocr_line' id='line_1_14' title="bbox 146 1628 1213 1714; baseline 0.004 -20"><span class='ocrx_word' id='word_1_98' title='bbox 146 1629 302 1712; x_wconf 90' lang='lat' dir='ltr'>nibusque</span> <span class='ocrx_word' id='word_1_99' title='bbox 316 1629 492 1714; x_wconf 85' lang='lat' dir='ltr'>prohibere.</span> <span class='ocrx_word' id='word_1_100' title='bbox 524 1631 569 1693; x_wconf 88' lang='lat' dir='ltr'>ita</span> <span class='ocrx_word' id='word_1_101' title='bbox 588 1628 656 1695; x_wconf 89' lang='lat' dir='ltr'>dies</span> <span class='ocrx_word' id='word_1_102' title='bbox 680 1630 803 1695; x_wconf 91' lang='lat' dir='ltr'>circiter</span> <span class='ocrx_word' id='word_1_103' title='bbox 822 1629 1002 1713; x_wconf 89' lang='lat' dir='ltr'>quindecim</span> <span class='ocrx_word' id='word_1_104' title='bbox 1022 1631 1081 1696; x_wconf 90' lang='lat' dir='ltr'>iter</span> <span class='ocrx_word' id='word_1_105' title='bbox 1099 1631 1177 1695; x_wconf 85' lang='lat' dir='ltr'>lece·</span> <span class='ocrx_word' id='word_1_106' title='bbox 1197 1653 1213 1698; x_wconf 84' lang='lat' dir='ltr'>o</span> 
     </span>
     <span class='ocr_line' id='line_1_15' title="bbox 146 1731 1177 1816; baseline 0.001 -20"><span class='ocrx_word' id='word_1_107' title='bbox 146 1737 229 1815; x_wconf 91' lang='lat' dir='ltr'>runt,</span> <span class='ocrx_word' id='word_1_108' title='bbox 259 1732 305 1796; x_wconf 92' lang='lat' dir='ltr'>uti</span> <span class='ocrx_word' id='word_1_109' title='bbox 330 1733 413 1797; x_wconf 88' lang='lat' dir='ltr'>inter</span> <span class='ocrx_word' id='word_1_110' title='bbox 441 1732 647 1797; x_wconf 86' lang='lat' dir='ltr'>novissimum</span> <span class='ocrx_word' id='word_1_111' title='bbox 673 1731 810 1796; x_wconf 90' lang='lat' dir='ltr'>hostium</span> <span class='ocrx_word' id='word_1_112' title='bbox 837 1751 952 1816; x_wconf 86' lang='lat' dir='ltr'>agmen</span> <span class='ocrx_word' id='word_1_113' title='bbox 981 1739 1012 1797; x_wconf 88' lang='lat' dir='ltr'>et</span> <span class='ocrx_word' id='word_1_114' title='bbox 1038 1739 1177 1797; x_wconf 88' lang='lat' dir='ltr'>nostrum</span> 
     </span>
     <span class='ocr_line' id='line_1_16' title="bbox 146 1835 1177 1920; baseline -0.001 -21"><span class='ocrx_word' id='word_1_115' title='bbox 146 1837 282 1919; x_wconf 89' lang='lat' dir='ltr'>primum</span> <span class='ocrx_word' id='word_1_116' title='bbox 308 1856 372 1900; x_wconf 92' lang='lat' dir='ltr'>non</span> <span class='ocrx_word' id='word_1_117' title='bbox 397 1836 532 1919; x_wconf 88' lang='lat' dir='ltr'>amplius</span> <span class='ocrx_word' id='word_1_118' title='bbox 555 1835 659 1917; x_wconf 89' lang='lat' dir='ltr'>quinis</span> <span class='ocrx_word' id='word_1_119' title='bbox 686 1842 740 1898; x_wconf 90' lang='lat' dir='ltr'>aut</span> <span class='ocrx_word' id='word_1_120' title='bbox 766 1835 851 1900; x_wconf 90' lang='lat' dir='ltr'>senis</span> <span class='ocrx_word' id='word_1_121' title='bbox 878 1835 1003 1900; x_wconf 89' lang='lat' dir='ltr'>milibus</span> <span class='ocrx_word' id='word_1_122' title='bbox 1029 1855 1177 1920; x_wconf 88' lang='lat' dir='ltr'>passuum</span> 
     </span>
     <span class='ocr_line' id='line_1_17' title="bbox 146 1940 320 2003; baseline -0.006 -1"><span class='ocrx_word' id='word_1_123' title='bbox 146 1940 320 2003; x_wconf 89' lang='lat' dir='ltr'>interesset.</span> 
     </span>
    </p>

    <p class='ocr_par' dir='ltr' id='par_1_3' title="bbox 145 2041 1212 3676">
     <span class='ocr_line' id='line_1_18' title="bbox 249 2041 1210 2128; baseline 0.003 -21"><span class='ocrx_word' id='word_1_124' title='bbox 249 2043 335 2108; x_wconf 88' lang='lat' dir='ltr'>XVI.</span> <span class='ocrx_word' id='word_1_125' title='bbox 367 2043 497 2107; x_wconf 85' lang='lat' dir='ltr'>interim</span> <span class='ocrx_word' id='word_1_126' title='bbox 530 2041 645 2107; x_wconf 78' lang='lat' dir='ltr'>cotidie</span> <span class='ocrx_word' id='word_1_127' title='bbox 676 2043 792 2108; x_wconf 82' lang='lat' dir='ltr'>Cacsar</span> <span class='ocrx_word' id='word_1_128' title='bbox 820 2041 949 2110; x_wconf 90' lang='lat' dir='ltr'>Aeduos</span> <span class='ocrx_word' id='word_1_129' title='bbox 977 2043 1210 2128; x_wconf 89' lang='lat' dir='ltr'>frumentum,1</span> 
     </span>
     <span class='ocr_line' id='line_1_19' title="bbox 145 2143 1211 2231; baseline 0.002 -21"><span class='ocrx_word' id='word_1_130' title='bbox 145 2143 231 2228; x_wconf 91' lang='lat' dir='ltr'>quod</span> <span class='ocrx_word' id='word_1_131' title='bbox 254 2151 359 2210; x_wconf 87' lang='lat' dir='ltr'>essent</span> <span class='ocrx_word' id='word_1_132' title='bbox 381 2145 506 2230; x_wconf 90' lang='lat' dir='ltr'>publice</span> <span class='ocrx_word' id='word_1_133' title='bbox 528 2145 667 2229; x_wconf 82' lang='lat' dir='ltr'>polliciti,</span> <span class='ocrx_word' id='word_1_134' title='bbox 690 2144 842 2228; x_wconf 89' lang='lat' dir='ltr'>flagitare.</span> <span class='ocrx_word' id='word_1_135' title='bbox 881 2165 956 2211; x_wconf 91' lang='lat' dir='ltr'>nam</span> <span class='ocrx_word' id='word_1_136' title='bbox 977 2153 1105 2231; x_wconf 91' lang='lat' dir='ltr'>propter</span> <span class='ocrx_word' id='word_1_137' title='bbox 1127 2147 1211 2213; x_wconf 80' lang='lat' dir='ltr'>fri-a</span> 
     </span>
     <span class='ocr_line' id='line_1_20' title="bbox 146 2247 1177 2334; baseline 0.002 -21"><span class='ocrx_word' id='word_1_138' title='bbox 146 2269 231 2334; x_wconf 88' lang='lat' dir='ltr'>gnra,</span> <span class='ocrx_word' id='word_1_139' title='bbox 262 2247 346 2331; x_wconf 86' lang='lat' dir='ltr'>quod</span> <span class='ocrx_word' id='word_1_140' title='bbox 373 2248 475 2313; x_wconf 83' lang='lat' dir='ltr'>Gallia</span> <span class='ocrx_word' id='word_1_141' title='bbox 501 2247 560 2313; x_wconf 94' lang='lat' dir='ltr'>sub</span> <span class='ocrx_word' id='word_1_142' title='bbox 587 2248 872 2333; x_wconf 82' lang='lat' dir='ltr'>septemtrionibus,</span> <span class='ocrx_word' id='word_1_143' title='bbox 900 2255 935 2314; x_wconf 91' lang='lat' dir='ltr'>ut</span> <span class='ocrx_word' id='word_1_144' title='bbox 961 2256 1035 2314; x_wconf 89' lang='lat' dir='ltr'>ante</span> <span class='ocrx_word' id='word_1_145' title='bbox 1062 2249 1177 2315; x_wconf 90' lang='lat' dir='ltr'>dictum</span> 
     </span>
     <span class='ocr_line' id='line_1_21' title="bbox 146 2351 1179 2437; baseline 0.002 -21"><span class='ocrx_word' id='word_1_146' title='bbox 146 2359 204 2436; x_wconf 88' lang='lat' dir='ltr'>est,</span> <span class='ocrx_word' id='word_1_147' title='bbox 226 2353 330 2437; x_wconf 89' lang='lat' dir='ltr'>posita</span> <span class='ocrx_word' id='word_1_148' title='bbox 351 2358 408 2436; x_wconf 90' lang='lat' dir='ltr'>est,</span> <span class='ocrx_word' id='word_1_149' title='bbox 432 2373 495 2417; x_wconf 92' lang='lat' dir='ltr'>ncn</span> <span class='ocrx_word' id='word_1_150' title='bbox 518 2351 610 2417; x_wconf 91' lang='lat' dir='ltr'>modo</span> <span class='ocrx_word' id='word_1_151' title='bbox 629 2351 789 2418; x_wconf 86' lang='lat' dir='ltr'>frumenta</span> <span class='ocrx_word' id='word_1_152' title='bbox 809 2353 842 2418; x_wconf 94' lang='lat' dir='ltr'>in</span> <span class='ocrx_word' id='word_1_153' title='bbox 864 2354 949 2437; x_wconf 90' lang='lat' dir='ltr'>agris</span> <span class='ocrx_word' id='word_1_154' title='bbox 972 2361 1094 2418; x_wconf 89' lang='lat' dir='ltr'>matura</span> <span class='ocrx_word' id='word_1_155' title='bbox 1116 2375 1179 2419; x_wconf 92' lang='lat' dir='ltr'>non</span> 
     </span>
     <span class='ocr_line' id='line_1_22' title="bbox 146 2454 1179 2540; baseline 0 -20"><span class='ocrx_word' id='word_1_156' title='bbox 146 2461 250 2539; x_wconf 87' lang='lat' dir='ltr'>erant,</span> <span class='ocrx_word' id='word_1_157' title='bbox 284 2454 342 2520; x_wconf 88' lang='lat' dir='ltr'>sed</span> <span class='ocrx_word' id='word_1_158' title='bbox 374 2476 415 2520; x_wconf 91' lang='lat' dir='ltr'>ne</span> <span class='ocrx_word' id='word_1_159' title='bbox 443 2455 551 2540; x_wconf 86' lang='lat' dir='ltr'>pabuli</span> <span class='ocrx_word' id='word_1_160' title='bbox 581 2454 708 2538; x_wconf 90' lang='lat' dir='ltr'>quidem</span> <span class='ocrx_word' id='word_1_161' title='bbox 737 2455 814 2520; x_wconf 91' lang='lat' dir='ltr'>satis</span> <span class='ocrx_word' id='word_1_162' title='bbox 843 2476 961 2539; x_wconf 85' lang='lat' dir='ltr'>magna</span> <span class='ocrx_word' id='word_1_163' title='bbox 990 2457 1081 2540; x_wconf 87' lang='lat' dir='ltr'>copia</span> <span class='ocrx_word' id='word_1_164' title='bbox 1109 2477 1179 2540; x_wconf 90' lang='lat' dir='ltr'>sup-</span> 
     </span>
     <span class='ocr_line' id='line_1_23' title="bbox 147 2557 1212 2642; baseline 0.003 -20"><span class='ocrx_word' id='word_1_165' title='bbox 147 2558 289 2642; x_wconf 87' lang='lat' dir='ltr'>petebat:</span> <span class='ocrx_word' id='word_1_166' title='bbox 313 2578 350 2623; x_wconf 91' lang='lat' dir='ltr'>co</span> <span class='ocrx_word' id='word_1_167' title='bbox 370 2564 475 2622; x_wconf 87' lang='lat' dir='ltr'>autem</span> <span class='ocrx_word' id='word_1_168' title='bbox 494 2557 660 2641; x_wconf 90' lang='lat' dir='ltr'>frument0,</span> <span class='ocrx_word' id='word_1_169' title='bbox 681 2557 765 2640; x_wconf 90' lang='lat' dir='ltr'>quod</span> <span class='ocrx_word' id='word_1_170' title='bbox 784 2557 913 2622; x_wconf 88' lang='lat' dir='ltr'>flumine</span> <span class='ocrx_word' id='word_1_171' title='bbox 927 2561 1025 2623; x_wconf 86' lang='lat' dir='ltr'>Arare</span> <span class='ocrx_word' id='word_1_172' title='bbox 1044 2558 1212 2626; x_wconf 86' lang='lat' dir='ltr'>navibusa</span> 
     </span>
     <span class='ocr_line' id='line_1_24' title="bbox 147 2661 1178 2746; baseline 0.002 -20"><span class='ocrx_word' id='word_1_173' title='bbox 147 2661 368 2745; x_wconf 81' lang='lat' dir='ltr'>subvexerat,</span> <span class='ocrx_word' id='word_1_174' title='bbox 383 2668 550 2746; x_wconf 88' lang='lat' dir='ltr'>propterea</span> <span class='ocrx_word' id='word_1_175' title='bbox 575 2661 679 2727; x_wconf 90' lang='lat' dir='ltr'>minus</span> <span class='ocrx_word' id='word_1_176' title='bbox 705 2662 751 2726; x_wconf 91' lang='lat' dir='ltr'>uti</span> <span class='ocrx_word' id='word_1_177' title='bbox 777 2668 912 2746; x_wconf 89' lang='lat' dir='ltr'>poterat,</span> <span class='ocrx_word' id='word_1_178' title='bbox 943 2661 1027 2745; x_wconf 90' lang='lat' dir='ltr'>qnod</span> <span class='ocrx_word' id='word_1_179' title='bbox 1053 2663 1112 2728; x_wconf 90' lang='lat' dir='ltr'>iter</span> <span class='ocrx_word' id='word_1_180' title='bbox 1137 2664 1178 2728; x_wconf 91' lang='lat' dir='ltr'>ab</span> 
     </span>
     <span class='ocr_line' id='line_1_25' title="bbox 146 2753 1177 2847; baseline 0.004 -19"><span class='ocrx_word' id='word_1_181' title='bbox 146 2766 245 2829; x_wconf 87' lang='lat' dir='ltr'>Arare</span> <span class='ocrx_word' id='word_1_182' title='bbox 270 2765 408 2829; x_wconf 86' lang='lat' dir='ltr'>Helvetii</span> <span class='ocrx_word' id='word_1_183' title='bbox 438 2770 631 2846; x_wconf 88' lang='lat' dir='ltr'>averterant,</span> <span class='ocrx_word' id='word_1_184' title='bbox 662 2784 682 2828; x_wconf 90' lang='lat' dir='ltr'>a</span> <span class='ocrx_word' id='word_1_185' title='bbox 709 2765 823 2847; x_wconf 92' lang='lat' dir='ltr'>quibus</span> <span class='ocrx_word' id='word_1_186' title='bbox 849 2764 1011 2830; x_wconf 90' lang='lat' dir='ltr'>discedere</span> <span class='ocrx_word' id='word_1_187' title='bbox 1040 2753 1177 2832; x_wconf 83' lang='lat' dir='ltr'>nolebat.</span> 
     </span>
     <span class='ocr_line' id='line_1_26' title="bbox 146 2866 1212 2952; baseline 0.007 -22"><span class='ocrx_word' id='word_1_188' title='bbox 146 2866 231 2932; x_wconf 91' lang='lat' dir='ltr'>diem</span> <span class='ocrx_word' id='word_1_189' title='bbox 253 2887 294 2932; x_wconf 83' lang='lat' dir='ltr'>ex</span> <span class='ocrx_word' id='word_1_190' title='bbox 317 2867 369 2931; x_wconf 90' lang='lat' dir='ltr'>die</span> <span class='ocrx_word' id='word_1_191' title='bbox 391 2866 505 2932; x_wconf 88' lang='lat' dir='ltr'>ducere</span> <span class='ocrx_word' id='word_1_192' title='bbox 527 2866 645 2932; x_wconf 89' lang='lat' dir='ltr'>Aedui:</span> <span class='ocrx_word' id='word_1_193' title='bbox 673 2867 816 2951; x_wconf 89' lang='lat' dir='ltr'>conferri,</span> <span class='ocrx_word' id='word_1_194' title='bbox 845 2870 1039 2952; x_wconf 91' lang='lat' dir='ltr'>comportari,</span> <span class='ocrx_word' id='word_1_195' title='bbox 1066 2869 1212 2939; x_wconf 72' lang='lat' dir='ltr'>adesses</span> 
     </span>
     <span class='ocr_line' id='line_1_27' title="bbox 146 2969 1211 3057; baseline 0.008 -23"><span class='ocrx_word' id='word_1_196' title='bbox 146 2970 260 3036; x_wconf 90' lang='lat' dir='ltr'>dicere.</span> <span class='ocrx_word' id='word_1_197' title='bbox 309 2970 364 3035; x_wconf 91' lang='lat' dir='ltr'>ubi</span> <span class='ocrx_word' id='word_1_198' title='bbox 390 2991 425 3036; x_wconf 92' lang='lat' dir='ltr'>se</span> <span class='ocrx_word' id='word_1_199' title='bbox 452 2970 568 3035; x_wconf 92' lang='lat' dir='ltr'>diutius</span> <span class='ocrx_word' id='word_1_200' title='bbox 596 2969 669 3035; x_wconf 91' lang='lat' dir='ltr'>duci</span> <span class='ocrx_word' id='word_1_201' title='bbox 695 2970 851 3034; x_wconf 84' lang='lat' dir='ltr'>intellexit</span> <span class='ocrx_word' id='word_1_202' title='bbox 879 2977 910 3035; x_wconf 91' lang='lat' dir='ltr'>et</span> <span class='ocrx_word' id='word_1_203' title='bbox 936 2971 1021 3036; x_wconf 90' lang='lat' dir='ltr'>diem</span> <span class='ocrx_word' id='word_1_204' title='bbox 1049 2974 1211 3057; x_wconf 70' lang='lat' dir='ltr'>instares</span> 
     </span>
     <span class='ocr_line' id='line_1_28' title="bbox 147 3072 1179 3158; baseline 0.003 -20"><span class='ocrx_word' id='word_1_205' title='bbox 147 3093 207 3156; x_wconf 91' lang='lat' dir='ltr'>quo</span> <span class='ocrx_word' id='word_1_206' title='bbox 230 3072 282 3138; x_wconf 92' lang='lat' dir='ltr'>die</span> <span class='ocrx_word' id='word_1_207' title='bbox 303 3073 494 3138; x_wconf 82' lang='lat' dir='ltr'>frumentum</span> <span class='ocrx_word' id='word_1_208' title='bbox 516 3073 666 3138; x_wconf 91' lang='lat' dir='ltr'>militibus</span> <span class='ocrx_word' id='word_1_209' title='bbox 689 3073 792 3139; x_wconf 92' lang='lat' dir='ltr'>metiri</span> <span class='ocrx_word' id='word_1_210' title='bbox 811 3080 976 3158; x_wconf 87' lang='lat' dir='ltr'>oporteret,</span> <span class='ocrx_word' id='word_1_211' title='bbox 996 3077 1179 3148; x_wconf 19' lang='lat' dir='ltr'>,convocatis</span> 
     </span>
     <span class='ocr_line' id='line_1_29' title="bbox 147 3176 1179 3262; baseline 0.005 -22"><span class='ocrx_word' id='word_1_212' title='bbox 147 3196 253 3241; x_wconf 90' lang='lat' dir='ltr'>eorum</span> <span class='ocrx_word' id='word_1_213' title='bbox 279 3176 488 3260; x_wconf 90' lang='lat' dir='ltr'>principibus,</span> <span class='ocrx_word' id='word_1_214' title='bbox 519 3196 650 3259; x_wconf 91' lang='lat' dir='ltr'>quorum</span> <span class='ocrx_word' id='word_1_215' title='bbox 680 3197 828 3260; x_wconf 88' lang='lat' dir='ltr'>magnam</span> <span class='ocrx_word' id='word_1_216' title='bbox 861 3177 983 3262; x_wconf 92' lang='lat' dir='ltr'>copiam</span> <span class='ocrx_word' id='word_1_217' title='bbox 1009 3180 1042 3242; x_wconf 91' lang='lat' dir='ltr'>in</span> <span class='ocrx_word' id='word_1_218' title='bbox 1070 3180 1179 3245; x_wconf 91' lang='lat' dir='ltr'>eastris</span> 
     </span>
     <span class='ocr_line' id='line_1_30' title="bbox 147 3279 1177 3365; baseline 0.005 -22"><span class='ocrx_word' id='word_1_219' title='bbox 147 3279 293 3362; x_wconf 89' lang='lat' dir='ltr'>habebat,</span> <span class='ocrx_word' id='word_1_220' title='bbox 313 3279 346 3342; x_wconf 91' lang='lat' dir='ltr'>in</span> <span class='ocrx_word' id='word_1_221' title='bbox 367 3279 416 3344; x_wconf 92' lang='lat' dir='ltr'>his</span> <span class='ocrx_word' id='word_1_222' title='bbox 431 3279 588 3356; x_wconf 87' lang='lat' dir='ltr'>Divitiaco</span> <span class='ocrx_word' id='word_1_223' title='bbox 605 3286 636 3344; x_wconf 91' lang='lat' dir='ltr'>et</span> <span class='ocrx_word' id='word_1_224' title='bbox 650 3279 751 3362; x_wconf 79' lang='lat' dir='ltr'>LiscO,</span> <span class='ocrx_word' id='word_1_225' title='bbox 773 3280 826 3362; x_wconf 91' lang='lat' dir='ltr'>qui</span> <span class='ocrx_word' id='word_1_226' title='bbox 845 3301 966 3345; x_wconf 90' lang='lat' dir='ltr'>summo</span> <span class='ocrx_word' id='word_1_227' title='bbox 982 3283 1177 3365; x_wconf 88' lang='lat' dir='ltr'>magistratui</span> 
     </span>
     <span class='ocr_line' id='line_1_31' title="bbox 147 3382 1180 3467; baseline 0.006 -22"><span class='ocrx_word' id='word_1_228' title='bbox 147 3388 300 3465; x_wconf 86' lang='lat' dir='ltr'>praeerat,</span> <span class='ocrx_word' id='word_1_229' title='bbox 321 3401 414 3464; x_wconf 89' lang='lat' dir='ltr'>quem</span> <span class='ocrx_word' id='word_1_230' title='bbox 434 3382 655 3466; x_wconf 84' lang='lat' dir='ltr'>vergobretum</span> <span class='ocrx_word' id='word_1_231' title='bbox 675 3383 837 3467; x_wconf 87' lang='lat' dir='ltr'>appellant</span> <span class='ocrx_word' id='word_1_232' title='bbox 852 3383 963 3466; x_wconf 89' lang='lat' dir='ltr'>Aedui,</span> <span class='ocrx_word' id='word_1_233' title='bbox 984 3385 1038 3467; x_wconf 92' lang='lat' dir='ltr'>qui</span> <span class='ocrx_word' id='word_1_234' title='bbox 1058 3393 1180 3451; x_wconf 86' lang='lat' dir='ltr'>creatur·</span> 
     </span>
     <span class='ocr_line' id='line_1_32' title="bbox 146 3485 1179 3573; baseline 0.006 -25"><span class='ocrx_word' id='word_1_235' title='bbox 146 3505 269 3550; x_wconf 88' lang='lat' dir='ltr'>annuus</span> <span class='ocrx_word' id='word_1_236' title='bbox 290 3491 321 3549; x_wconf 87' lang='lat' dir='ltr'>et</span> <span class='ocrx_word' id='word_1_237' title='bbox 343 3485 427 3549; x_wconf 89' lang='lat' dir='ltr'>vitae</span> <span class='ocrx_word' id='word_1_238' title='bbox 449 3487 598 3568; x_wconf 88' lang='lat' dir='ltr'>necisque</span> <span class='ocrx_word' id='word_1_239' title='bbox 620 3487 653 3550; x_wconf 91' lang='lat' dir='ltr'>in</span> <span class='ocrx_word' id='word_1_240' title='bbox 677 3505 750 3550; x_wconf 88' lang='lat' dir='ltr'>suos</span> <span class='ocrx_word' id='word_1_241' title='bbox 772 3486 868 3551; x_wconf 89' lang='lat' dir='ltr'>habet</span> <span class='ocrx_word' id='word_1_242' title='bbox 890 3495 1088 3573; x_wconf 89' lang='lat' dir='ltr'>potestatem,</span> <span class='ocrx_word' id='word_1_243' title='bbox 1111 3511 1179 3573; x_wconf 89' lang='lat' dir='ltr'>gra-</span> 
     </span>
     <span class='ocr_line' id='line_1_33' title="bbox 147 3589 1212 3676; baseline 0.008 -24"><span class='ocrx_word' id='word_1_244' title='bbox 147 3589 226 3653; x_wconf 87' lang='lat' dir='ltr'>viter</span> <span class='ocrx_word' id='word_1_245' title='bbox 241 3607 295 3653; x_wconf 90' lang='lat' dir='ltr'>ecs</span> <span class='ocrx_word' id='word_1_246' title='bbox 310 3596 447 3672; x_wconf 89' lang='lat' dir='ltr'>accusat,</span> <span class='ocrx_word' id='word_1_247' title='bbox 468 3589 560 3674; x_wconf 92' lang='lat' dir='ltr'>quod,</span> <span class='ocrx_word' id='word_1_248' title='bbox 582 3609 652 3653; x_wconf 91' lang='lat' dir='ltr'>cum</span> <span class='ocrx_word' id='word_1_249' title='bbox 667 3590 858 3654; x_wconf 89' lang='lat' dir='ltr'>frumentum</span> <span class='ocrx_word' id='word_1_250' title='bbox 877 3611 980 3674; x_wconf 86' lang='lat' dir='ltr'>neque</span> <span class='ocrx_word' id='word_1_251' title='bbox 1000 3593 1061 3656; x_wconf 91' lang='lat' dir='ltr'>emi</span> <span class='ocrx_word' id='word_1_252' title='bbox 1077 3613 1178 3676; x_wconf 89' lang='lat' dir='ltr'>neque</span> <span class='ocrx_word' id='word_1_253' title='bbox 1197 3615 1212 3662; x_wconf 86' lang='lat' dir='ltr'>c</span> 
     </span>
    </p>
   </div>
   <div class='ocr_carea' id='block_1_3' title="bbox 146 3691 1178 3880">
    <p class='ocr_par' dir='ltr' id='par_1_4' title="bbox 146 3691 1178 3880">
     <span class='ocr_line' id='line_1_34' title="bbox 148 3691 1178 3780; baseline 0.004 -25"><span class='ocrx_word' id='word_1_254' title='bbox 148 3709 187 3755; x_wconf 85' lang='lat' dir='ltr'>ex</span> <span class='ocrx_word' id='word_1_255' title='bbox 210 3693 294 3775; x_wconf 88' lang='lat' dir='ltr'>agris</span> <span class='ocrx_word' id='word_1_256' title='bbox 317 3691 397 3757; x_wconf 90' lang='lat' dir='ltr'>sumi</span> <span class='ocrx_word' id='word_1_257' title='bbox 420 3697 536 3775; x_wconf 88' lang='lat' dir='ltr'>posset,</span> <span class='ocrx_word' id='word_1_258' title='bbox 561 3693 827 3757; x_wconf 86' lang='lat' dir='ltr'>tamneccssario</span> <span class='ocrx_word' id='word_1_259' title='bbox 850 3699 1000 3778; x_wconf 87' lang='lat' dir='ltr'>tempore,</span> <span class='ocrx_word' id='word_1_260' title='bbox 1024 3701 1088 3758; x_wconf 90' lang='lat' dir='ltr'>tarn</span> <span class='ocrx_word' id='word_1_261' title='bbox 1110 3716 1178 3780; x_wconf 88' lang='lat' dir='ltr'>pro·</span> 
     </span>
     <span class='ocr_line' id='line_1_35' title="bbox 146 3794 1177 3880; baseline 0.005 -23"><span class='ocrx_word' id='word_1_262' title='bbox 146 3794 272 3877; x_wconf 91' lang='lat' dir='ltr'>pinquis</span> <span class='ocrx_word' id='word_1_263' title='bbox 295 3794 447 3877; x_wconf 71' lang='lat' dir='ltr'>hostibus</span> <span class='ocrx_word' id='word_1_264' title='bbox 471 3795 511 3859; x_wconf 88' lang='lat' dir='ltr'>ab</span> <span class='ocrx_word' id='word_1_265' title='bbox 535 3795 573 3860; x_wconf 91' lang='lat' dir='ltr'>iis</span> <span class='ocrx_word' id='word_1_266' title='bbox 595 3816 659 3860; x_wconf 93' lang='lat' dir='ltr'>non</span> <span class='ocrx_word' id='word_1_267' title='bbox 683 3797 872 3880; x_wconf 89' lang='lat' dir='ltr'>sublevetur,</span> <span class='ocrx_word' id='word_1_268' title='bbox 900 3798 1084 3880; x_wconf 87' lang='lat' dir='ltr'>praesertim</span> <span class='ocrx_word' id='word_1_269' title='bbox 1108 3819 1177 3863; x_wconf 89' lang='lat' dir='ltr'>cum</span> 
     </span>
    </p>
   </div>
   <div class='ocr_carea' id='block_1_4' title="bbox 0 0 1477 4192">
    <p class='ocr_par' dir='ltr' id='par_1_5' title="bbox 0 0 1477 4192">
     <span class='ocr_line' id='line_1_36' title="bbox 0 0 1477 4192; baseline 0 0"><span class='ocrx_word' id='word_1_270' title='bbox 0 0 1477 4192; x_wconf 95' lang='lat' dir='ltr'> </span> 
     </span>
    </p>
   </div>
  </div>
 </body>
</html>
