2966 4196
438 245 546 301 COMM.
559 245 595 300 V.
613 246 695 302 CAP.
709 246 897 302 LHI-LVIL
1125 233 1187 297 113

152 422 377 486 Tencterorum
403 419 552 504 transitu;
574 438 639 484 non
662 409 731 486 esse
749 419 885 502 amplius
907 420 1065 486 fortunam
1087 429 1186 508 temp-

152 528 281 590 taturus.
311 521 373 587 hac
393 541 450 606 spe
471 522 578 605 lapsus
599 520 831 587 Indutiomarus
845 521 946 587 nihilo
960 524 1064 589 minus
1079 525 1218 609 copiase

152 645 275 711 cogere,
298 644 499 709 exerceres
524 624 665 689 finitimis
688 643 785 706 equos
810 617 932 708 parare,
955 627 1080 694 exsules
1102 628 1186 693 darn-

152 736 306 813 natosque
328 733 394 816 tcta
409 727 511 794 Callia
532 727 658 811 magnis
678 726 827 812 praemiis
848 726 891 792 ad
914 747 949 794 se
970 729 1097 796 allicere
1120 751 1186 796 coe

151 833 208 917 pit
241 852 281 898 ac
301 838 424 896 tantam
438 829 500 896 sibi
521 829 585 895 iam
606 828 657 895 his
678 829 774 895 rebus
795 829 829 894 in
844 829 948 896 Callia
966 833 1219 902 auctoritatemr

107 996 117 1002 .
153 939 403 1020 comparaverat,
434 939 469 998 ut
499 931 639 1015 undique
672 931 715 998 ad
742 952 814 999 erun
847 933 1023 1016 legationes
1058 955 1183 1001 concur-

152 1045 274 1123 rerent,
307 1037 443 1122 gratiam
475 1042 572 1118 atque
605 1035 778 1102 amicitiam
812 1035 939 1122 publice
972 1037 1183 1120 privatimque

152 1146 305 1224 peterent.
1176 1151 1179 1156 '

254 1243 336 1310 LVI.
381 1243 446 1310 Ubi
474 1241 630 1308 intellexit
656 1241 737 1308 ultro
763 1241 806 1306 ad
828 1261 864 1310 se
884 1243 997 1328 veniri,
1019 1244 1119 1310 altera
1142 1264 1183 1310 ex
1204 1266 1217 1312 1

153 1353 242 1432 parte
257 1347 399 1414 Senones
415 1346 631 1428 Carnutesque
651 1345 843 1411 conscientia
858 1345 1007 1412 facinoris
1029 1347 1183 1431 instigari,

101 1461 104 1467 “
153 1449 253 1514 altera
284 1441 419 1516 Nervios
448 1447 694 1532 Aduatucosque
728 1449 845 1513 bellum
878 1450 1029 1516 Romanis
1062 1471 1184 1534 parare,

153 1571 256 1635 neque
287 1551 349 1617 sibi
377 1551 623 1616 voluntariorum
652 1552 759 1636 copias
788 1551 910 1637 defore,
940 1553 968 1618 si
993 1572 1039 1646 'ex
1068 1553 1184 1618 finibus

154 1654 219 1722 suis
239 1653 386 1739 progredi
413 1654 577 1738 coepisset,
600 1660 755 1719 armatum
778 1654 944 1720 concilium
965 1653 1086 1720 indicit.
1125 1656 1217 1724 hoca

153 1778 239 1824 more
255 1757 413 1822 Gallorum
437 1763 484 1822 est
505 1757 631 1821 initium
654 1757 740 1822 belli:
764 1776 826 1839 quo
847 1758 919 1841 lege
941 1759 1100 1824 communi
1122 1778 1184 1823 om-

153 1880 211 1926 nes
243 1860 379 1945 puberes
405 1859 518 1925 armati
549 1860 717 1926 convenire
746 1866 949 1944 consuerunt3
985 1861 1038 1942 qni
1072 1880 1113 1926 ex
1144 1861 1183 1925 iis

153 1964 342 2030 novissimus
365 1963 521 2045 convenit,
547 1964 581 2028 in
608 1968 776 2047 conspeetu
803 1961 1011 2030 multitudinis
1037 1963 1183 2028 omnibus

153 2068 342 2134 cruciatibus
356 2067 488 2132 affectus
502 2073 640 2132 necatur.
674 2065 709 2130 in
724 2085 761 2131 eo
784 2065 915 2132 coneilio
939 2065 1181 2151 Cingetorigem,
1200 2087 1216 2135 a

153 2171 281 2236 alterius
302 2170 477 2255 principem
499 2168 655 2251 factionis,
677 2188 829 2252 generum
848 2189 949 2254 suum,
973 2189 1067 2253 quem
1088 2191 1184 2254 supra

154 2273 437 2340 demonstravimus
460 2271 604 2338 Caesaris
625 2277 767 2337 secutum
796 2270 892 2338 fidem
914 2273 955 2338 ab
978 2293 1102 2339 eonon
1124 2274 1183 2340 dia

82 2390 86 2394 ’
154 2377 296 2458 cessisse,
317 2375 439 2441 hostem
461 2373 580 2439 iudicat
601 2375 747 2457 bonaque
762 2375 830 2441 eius
844 2376 994 2460 publicat.
1025 2376 1076 2442 his
1090 2377 1217 2445 rebusr

154 2479 305 2546 confectis
326 2479 359 2544 in
383 2477 515 2546 coneilio
536 2478 718 2562 pronuntiat
739 2479 924 2544 arcessitum
950 2499 985 2544 se
1011 2499 1032 2544 a
1053 2480 1182 2547 Senoni-

153 2586 212 2651 bus
239 2589 271 2650 et
298 2581 487 2650 Carnutibus
513 2581 646 2664 aliisque
673 2581 884 2665 compluribus
907 2581 1029 2648 Galliae
1051 2582 1183 2647 civitati-

152 2689 225 2772 bus3
258 2685 321 2751 huc
353 2686 468 2752 iturum
500 2704 558 2769 per
586 2684 665 2750 fines
694 2685 861 2749 Remorum
891 2704 1061 2766 eorumque
1089 2703 1215 2767 agross

153 2791 372 2876 populaturum
404 2809 457 2874 ac,
490 2787 674 2872 priusquam
705 2786 740 2851 id
772 2787 883 2868 faciat,
917 2793 1019 2852 castra
1047 2786 1182 2852 Labieni

153 2899 414 2979 oppugnaturum.
459 2911 540 2974 quae
562 2889 630 2955 fieri
651 2889 737 2973 velit,
760 2888 923 2973 praecipit.

255 2996 352 3062 LVII.
383 2994 552 3076 Labienus,
568 3013 639 3059 cum
654 2998 686 3058 et
700 2992 760 3057 loci
775 2998 888 3058 natura
910 2998 942 3057 et
963 3012 1060 3058 mann
1082 2993 1181 3058 muni·
1200 3015 1213 3061 r

153 3099 281 3165 tissimis
303 3098 413 3164 castris
435 3117 505 3163 sese
527 3102 658 3177 teneret,
681 3094 722 3160 de
744 3115 800 3161 suo
829 3115 868 3160 ac
888 3095 1023 3180 legionis
1044 3095 1182 3179 periculo

153 3203 231 3268 nihil
259 3201 405 3286 timebat,
435 3220 477 3265 ne
506 3220 602 3284 quam
627 3198 824 3264 occasionem
852 3198 898 3264 rei
920 3198 1003 3265 bene
1024 3198 1183 3284 gerendae

153 3305 332 3388 dimitteret,
362 3303 531 3387 cogitabat.
576 3303 683 3383 itaque
712 3322 733 3366 a
761 3302 961 3387 Cingetorige
989 3309 1086 3386 atque
1116 3303 1215 3370 eiusa

152 3407 336 3493 propinquis
357 3406 498 3472 oratione
519 3404 725 3470 Indutiomari
748 3406 885 3489 cognita,
909 3427 1004 3490 quam
1025 3407 1059 3472 in
1081 3407 1181 3472 conci-

152 3513 193 3577 lio
215 3511 379 3594 habuerat,
402 3509 529 3574 nuntios
551 3508 646 3572 mittit
661 3507 702 3571 ad
724 3507 875 3574 finitimas
891 3509 1035 3574 civitates
1050 3509 1181 3590 equites·

154 3635 214 3698 que
235 3613 376 3696 undique
398 3618 522 3697 evocat;
545 3611 595 3676 his
618 3616 735 3676 certam
753 3609 841 3676 'diem
864 3609 1072 3685 conveniendi
1094 3609 1179 3674 dicit.

152 3718 278 3784 interim
292 3736 390 3801 prope
404 3715 518 3782 cotidie
534 3713 706 3780 cumomni
721 3713 861 3795 equitatu
876 3712 1107 3778 Indutiomarus
1123 3712 1180 3778 sub
1200 3733 1215 3780 a

156 3821 263 3887 castris
286 3820 353 3886 eius
368 3819 552 3902 vagabatur,
576 3818 655 3882 alias
673 3823 708 3882 ut
723 3817 817 3882 situm
833 3823 1003 3882 castrorum
1018 3834 1181 3898 cognosce

204 3932 320 3979 Cacsar,
336 3930 362 3971 de
374 3930 432 3971 ballo
447 3928 528 3969 Gallico
1010 3921 1026 3968 8
