2936 4192
418 219 526 274 COIIld.
539 219 561 273 I.
580 218 664 274 CAP.
677 219 890 273 xlx-xxm.
1134 202 1173 289 13

139 417 264 463 omnem
291 402 365 459 ante
393 413 427 458 se
453 392 557 457 mittit.
602 393 638 457 P.
667 392 843 476 Considius,
875 392 928 475 qui
941 379 942 382 ¹
957 393 1004 458 rei
1029 391 1212 459 militarisa

139 499 347 584 peritissimus
368 495 544 561 habebatur
564 495 646 559 etin
667 495 807 560 exercitu
828 495 864 560 L.
882 495 987 562 Sullae
1011 500 1043 559 et
1064 500 1175 578 postea

140 603 172 667 in
195 602 236 666 M.
262 600 367 666 Crassi
388 599 500 683 fuerat,
524 617 595 662 enm
619 598 868 681 exploratoribus
890 597 1108 681 praemittitur.

242 704 348 768 XXII.
371 696 479 767 Prima
503 701 583 782 luce,
611 721 682 766 cnm
709 721 848 766 summus
871 722 962 767 mons
988 723 1009 766 a
1033 702 1174 767 Labieno
1194 723 1209 768 r

139 814 308 890 teneretur,
335 807 405 890 ipse
431 805 472 869 ab
499 804 636 871 hostium
663 804 773 870 castris
800 825 863 870 non
885 805 1010 890 longius
1036 806 1121 870 mille
1144 811 1175 870 et

48 932 52 937 ·
140 910 322 995 quingentis
341 908 487 993 passibus
506 909 642 992 abesset,
662 927 775 993 neque,
795 914 830 972 ut
849 916 961 993 postea
980 929 1021 974 ex
1042 907 1175 992 captivis

139 1013 302 1098 comperit,
324 1019 380 1076 aut
400 1011 499 1096 ipsius
519 1011 675 1076 adventus
695 1017 750 1076 aut
764 1012 895 1076 Labieni
919 1013 1061 1096 cognitus
1081 1018 1173 1094 esset,

141 1116 308 1184 Considius
332 1136 411 1199 equo
433 1114 571 1180 admisso
593 1113 635 1178 ad
659 1134 729 1179 eum
752 1115 895 1199 accurrit,
923 1115 999 1180 dicit
1025 1120 1213 1199 montema

141 1241 234 1304 quem
251 1219 426 1284 aLabiono
445 1217 591 1302 occupari
610 1216 753 1301 voluerit,
776 1217 816 1282 ab
840 1217 982 1283 hostibus
1004 1217 1118 1282 teneri:
1141 1217 1174 1282 id

141 1344 177 1389 se
198 1344 219 1388 a
241 1323 369 1388 Gallicis
391 1321 487 1386 armis
508 1326 604 1403 atque
625 1319 803 1404 insignibus
827 1322 1022 1404 cognovisse.
1058 1322 1212 1388 Caesare

141 1447 215 1493 suas
238 1426 343 1509 copias
365 1425 399 1488 in
418 1424 595 1508 proximum
615 1423 727 1488 collem
747 1424 901 1508 subducit,
924 1425 1025 1489 aciem
1040 1425 1173 1489 instruit.

141 1530 313 1612 Labienus,
343 1534 378 1591 ut
409 1534 476 1592 erat
505 1528 534 1608 ei
564 1534 766 1612 praeceptum
793 1549 813 1592 a
840 1528 989 1612 Caesare,
1021 1549 1062 1594 ne
1089 1548 1175 1612 proe-

143 1634 217 1696 lium
241 1631 458 1708 ccmmitteret,
481 1630 544 1696 nisi
561 1631 660 1714 ipsius
680 1631 789 1715 copiae
804 1651 903 1716 prope
918 1631 1052 1696 hostium
1074 1637 1175 1696 castra

143 1737 230 1801 uisae
253 1740 368 1819 essent,
391 1740 426 1798 ut
447 1733 586 1816 undique
609 1755 671 1799 unc
694 1740 834 1818 tempore
857 1735 889 1798 in
912 1733 1018 1799 hostes
1040 1735 1175 1818 impetus

144 1838 245 1921 lieret,
278 1843 384 1902 monte
418 1844 568 1921 occupato
602 1842 723 1902 nostros
758 1837 963 1920 exspectabat
996 1837 1174 1920 proelioque

142 1941 330 2007 abstinebat.
375 1941 472 2006 multo
499 1940 634 2024 deniqne
661 1940 712 2005 die
738 1961 795 2025 per
821 1941 1035 2025 exploratores
1057 1941 1174 2006 Caesar
1191 1961 1214 2008 a

143 2044 302 2127 cognovit,
335 2049 366 2108 et
393 2050 530 2108 montem
558 2065 578 2108 a
604 2044 668 2109 suis
694 2043 794 2108 teneri
826 2049 857 2108 et
883 2043 1046 2108 HelvetIos
1073 2049 1175 2109 castra

143 2147 279 2212 movisse
299 2153 331 2211 et
346 2146 527 2213 Considium
544 2147 654 2211 timore
668 2147 877 2231 perterritum,
898 2146 980 2228 quod
1000 2167 1062 2211 non
1081 2146 1174 2212 vidis-

144 2255 205 2334 set,
236 2270 292 2334 pro
319 2251 387 2315 uiso
415 2250 475 2314 sihi
505 2250 711 2315 renuntiasse.
757 2269 794 2314 eo
824 2249 889 2334 die,
921 2270 982 2332 quo
1010 2256 1213 2318 consuerats

143 2353 318 2436 intervallo,
346 2353 452 2418 hostes
480 2353 619 2434 sequeitur
645 2359 677 2416 et
702 2352 789 2417 milia
810 2372 958 2435 passuum
982 2352 1041 2416 tria
1063 2352 1104 2416 ab
1127 2372 1175 2416 eo·
1271 2419 1273 2424 ,

144 2475 212 2519 rum
236 2455 346 2520 castris
370 2462 472 2520 castra
493 2456 590 2538 ponit.

143 2554 146 2562 ’
236 2559 367 2622 ¹XXIII.
396 2558 550 2622 Postridie
577 2559 644 2624 eius
672 2557 747 2642 diei,
778 2558 861 2642 quod
891 2559 1017 2624 omnino
1044 2558 1208 2627 bidunmr

143 2667 315 2746 supererat,
342 2680 412 2725 curn
440 2661 591 2725 exercitui
613 2660 803 2726 immeritum
826 2661 928 2725 metiri
950 2667 1115 2746 oporteret,
1143 2668 1175 2725 et

143 2763 226 2848 qnod
256 2784 276 2827 a
304 2763 464 2847 Bibracte,
498 2763 614 2848 oppido
644 2762 822 2828 Aeduorum
852 2763 946 2846 longe
975 2765 1114 2829 maximo
1143 2770 1175 2828 ct

144 2866 366 2951 copiosissimo,
386 2887 449 2932 non
470 2867 604 2950 amplius
623 2866 749 2932 milibus
764 2886 911 2950 passuum
927 2867 1036 2932 XVIII
1055 2867 1173 2951 aberat,

143 2971 189 3034 rei
211 2969 434 3034 frumentariae
456 2969 708 3054 prospiciendum
733 2969 938 3034 existimavit:
961 2970 1021 3034 iter
1042 2971 1083 3034 ab
1103 2971 1175 3034 Hel·

144 3072 236 3136 retiis
259 3071 373 3136 avertit
394 3092 432 3135 ac
451 3073 597 3137 Bibracte
618 3073 664 3138 ire
687 3071 857 3137 contendit.
892 3092 931 3136 ea
949 3092 999 3137 res
1018 3092 1075 3156 per
1097 3072 1213 3155 fugi-a

144 3175 225 3239 tivos
251 3175 286 3240 L.
303 3175 439 3258 Aemilii,
467 3174 643 3240 decurionis
671 3175 809 3259 equitum
838 3175 1005 3259 Gallorum,
1034 3175 1174 3240 hostibus

144 3277 313 3342 nuntiatur.
359 3278 506 3361 Helvetii,
534 3297 589 3342 seu
616 3277 699 3361 quod
726 3278 836 3342 timore
862 3278 1042 3361 perterritos
1064 3279 1212 3344 Roma-a

144 3399 201 3444 nos
225 3379 385 3445 discedere
407 3401 428 3444 a
450 3400 484 3444 se
512 3380 738 3463 exIstimarent,
768 3399 804 3443 eo
831 3379 941 3462 magis,
969 3378 1052 3461 quod
1074 3379 1174 3462 pridie

144 3483 354 3566 superioribus
381 3467 464 3547 locis¹
485 3483 643 3571 occupatis
667 3482 818 3566 proelium
845 3501 907 3546 non
937 3481 1174 3562 commisissent,

144 3585 212 3650 sive
233 3605 279 3669 eo,
301 3585 384 3668 qnod
403 3606 437 3652 re
458 3585 662 3650 fnrmentaria
681 3583 845 3649 intercludi
864 3604 956 3668 posse
973 3583 1173 3668 confiderent,

145 3693 334 3752 commutato
355 3688 482 3753 oonsilio
503 3695 596 3770 atque
610 3689 722 3752 itinere
738 3706 887 3752 converso
903 3691 1024 3750 nostros
1040 3706 1059 3749 a
1074 3685 1177 3750 nouis-

145 3791 224 3855 simo
246 3791 373 3874 agmine
395 3791 517 3873 insequi
541 3811 578 3854 ac
601 3791 756 3856 lacessere
779 3794 956 3873 coeperunt.
