<?xml version="1.0" encoding="UTF-8"?>
<!DOCTYPE html PUBLIC "-//W3C//DTD XHTML 1.0 Transitional//EN"
    "http://www.w3.org/TR/xhtml1/DTD/xhtml1-transitional.dtd">
<html xmlns="http://www.w3.org/1999/xhtml" xml:lang="en" lang="en">
 <head>
  <title>
</title>
<meta http-equiv="Content-Type" content="text/html;charset=utf-8" />
  <meta name='ocr-system' content='tesseract 3.04.00' />
  <meta name='ocr-capabilities' content='ocr_page ocr_carea ocr_par ocr_line ocrx_word'/>
</head>
<body>
  <div class='ocr_page' id='page_1' title='image "./commentariidebe00pramgoog_0110.png"; bbox 0 0 2966 4196; ppageno 0'>
   <div class='ocr_carea' id='block_1_1' title="bbox 430 249 1204 320">
    <p class='ocr_par' dir='ltr' id='par_1_1' title="bbox 430 249 1204 320">
     <span class='ocr_line' id='line_1_1' title="bbox 430 249 1204 320; baseline -0.006 -1"><span class='ocrx_word' id='word_1_1' title='bbox 430 264 536 320; x_wconf 80' lang='lat' dir='ltr'>cornu.</span> <span class='ocrx_word' id='word_1_2' title='bbox 550 265 584 320; x_wconf 91' lang='lat' dir='ltr'>V.</span> <span class='ocrx_word' id='word_1_3' title='bbox 603 264 685 319; x_wconf 87' lang='lat' dir='ltr'>CAP.</span> <span class='ocrx_word' id='word_1_4' title='bbox 698 264 942 320; x_wconf 89' lang='lat' dir='ltr'>XVIII-XXIII.</span> <span class='ocrx_word' id='word_1_5' title='bbox 1162 249 1204 314; x_wconf 85' lang='lat'>95</span> 
     </span>
    </p>
   </div>
   <div class='ocr_carea' id='block_1_2' title="bbox 135 435 1264 3908">
    <p class='ocr_par' dir='ltr' id='par_1_2' title="bbox 167 435 1237 1752">
     <span class='ocr_line' id='line_1_2' title="bbox 167 435 1202 520; baseline -0.002 -18"><span class='ocrx_word' id='word_1_6' title='bbox 167 437 305 518; x_wconf 82' lang='lat' dir='ltr'>Bibroci,</span> <span class='ocrx_word' id='word_1_7' title='bbox 337 435 427 502; x_wconf 85' lang='lat' dir='ltr'>(lassi</span> <span class='ocrx_word' id='word_1_8' title='bbox 455 435 666 520; x_wconf 80' lang='lat' dir='ltr'>legationibus</span> <span class='ocrx_word' id='word_1_9' title='bbox 695 435 799 500; x_wconf 88' lang='lat' dir='ltr'>missis</span> <span class='ocrx_word' id='word_1_10' title='bbox 831 455 900 501; x_wconf 88' lang='lat' dir='ltr'>sese</span> <span class='ocrx_word' id='word_1_11' title='bbox 923 435 1052 503; x_wconf 82' lang='lat' dir='ltr'>Caesari</span> <span class='ocrx_word' id='word_1_12' title='bbox 1074 435 1202 502; x_wconf 89' lang='lat' dir='ltr'>dedunt.</span> 
     </span>
     <span class='ocr_line' id='line_1_3' title="bbox 168 538 1237 623; baseline 0.003 -18"><span class='ocrx_word' id='word_1_13' title='bbox 168 542 209 606; x_wconf 89' lang='lat' dir='ltr'>ab</span> <span class='ocrx_word' id='word_1_14' title='bbox 236 539 286 605; x_wconf 89' lang='lat' dir='ltr'>his</span> <span class='ocrx_word' id='word_1_15' title='bbox 313 539 483 623; x_wconf 80' lang='lat' dir='ltr'>cognoscit,</span> <span class='ocrx_word' id='word_1_16' title='bbox 510 558 575 604; x_wconf 91' lang='lat' dir='ltr'>non</span> <span class='ocrx_word' id='word_1_17' title='bbox 600 539 694 623; x_wconf 89' lang='lat' dir='ltr'>longe</span> <span class='ocrx_word' id='word_1_18' title='bbox 717 558 758 603; x_wconf 89' lang='lat' dir='ltr'>ex</span> <span class='ocrx_word' id='word_1_19' title='bbox 781 559 818 606; x_wconf 89' lang='lat' dir='ltr'>eo</span> <span class='ocrx_word' id='word_1_20' title='bbox 839 539 908 605; x_wconf 90' lang='lat' dir='ltr'>loco</span> <span class='ocrx_word' id='word_1_21' title='bbox 930 538 1080 623; x_wconf 90' lang='lat' dir='ltr'>oppidum</span> <span class='ocrx_word' id='word_1_22' title='bbox 1103 539 1237 608; x_wconf 82' lang='lat' dir='ltr'>(lassi-a</span> 
     </span>
     <span class='ocr_line' id='line_1_4' title="bbox 168 631 1204 726; baseline -0.002 -18"><span class='ocrx_word' id='word_1_23' title='bbox 168 642 308 708; x_wconf 86' lang='lat' dir='ltr'>vellauni</span> <span class='ocrx_word' id='word_1_24' title='bbox 335 644 448 708; x_wconf 89' lang='lat' dir='ltr'>abesse</span> <span class='ocrx_word' id='word_1_25' title='bbox 477 641 564 707; x_wconf 87' lang='lat' dir='ltr'>silvis</span> <span class='ocrx_word' id='word_1_26' title='bbox 591 631 822 726; x_wconf 85' lang='lat' dir='ltr'>paludibusque</span> <span class='ocrx_word' id='word_1_27' title='bbox 848 642 1012 724; x_wconf 92' lang='lat' dir='ltr'>munitum,</span> <span class='ocrx_word' id='word_1_28' title='bbox 1040 662 1101 724; x_wconf 93' lang='lat' dir='ltr'>quo</span> <span class='ocrx_word' id='word_1_29' title='bbox 1128 642 1204 707; x_wconf 87' lang='lat' dir='ltr'>satis</span> 
     </span>
     <span class='ocr_line' id='line_1_5' title="bbox 168 731 1237 830; baseline 0.002 -20"><span class='ocrx_word' id='word_1_30' title='bbox 168 764 304 830; x_wconf 87' lang='lat' dir='ltr'>magnus</span> <span class='ocrx_word' id='word_1_31' title='bbox 325 744 487 811; x_wconf 86' lang='lat' dir='ltr'>hominum</span> <span class='ocrx_word' id='word_1_32' title='bbox 508 744 692 828; x_wconf 82' lang='lat' dir='ltr'>pecorisque</span> <span class='ocrx_word' id='word_1_33' title='bbox 713 731 862 810; x_wconf 85' lang='lat' dir='ltr'>numerus</span> <span class='ocrx_word' id='word_1_34' title='bbox 885 745 1075 810; x_wconf 87' lang='lat' dir='ltr'>convenerit.</span> <span class='ocrx_word' id='word_1_35' title='bbox 1119 744 1237 828; x_wconf 79' lang='lat' dir='ltr'>appi-a</span> 
     </span>
     <span class='ocr_line' id='line_1_6' title="bbox 168 846 1203 932; baseline 0 -20"><span class='ocrx_word' id='word_1_36' title='bbox 168 847 245 912; x_wconf 89' lang='lat' dir='ltr'>dum</span> <span class='ocrx_word' id='word_1_37' title='bbox 266 853 372 913; x_wconf 89' lang='lat' dir='ltr'>autem</span> <span class='ocrx_word' id='word_1_38' title='bbox 393 847 538 912; x_wconf 84' lang='lat' dir='ltr'>Britanni</span> <span class='ocrx_word' id='word_1_39' title='bbox 560 854 685 928; x_wconf 87' lang='lat' dir='ltr'>vocant,</span> <span class='ocrx_word' id='word_1_40' title='bbox 713 867 784 912; x_wconf 90' lang='lat' dir='ltr'>cum</span> <span class='ocrx_word' id='word_1_41' title='bbox 806 847 902 913; x_wconf 87' lang='lat' dir='ltr'>silvas</span> <span class='ocrx_word' id='word_1_42' title='bbox 929 846 1098 932; x_wconf 88' lang='lat' dir='ltr'>impeditas</span> <span class='ocrx_word' id='word_1_43' title='bbox 1120 847 1203 912; x_wconf 87' lang='lat' dir='ltr'>vallo</span> 
     </span>
     <span class='ocr_line' id='line_1_7' title="bbox 169 948 1203 1034; baseline 0 -20"><span class='ocrx_word' id='word_1_44' title='bbox 169 957 263 1032; x_wconf 87' lang='lat' dir='ltr'>atque</span> <span class='ocrx_word' id='word_1_45' title='bbox 285 949 370 1016; x_wconf 85' lang='lat' dir='ltr'>fossa</span> <span class='ocrx_word' id='word_1_46' title='bbox 391 949 580 1034; x_wconf 90' lang='lat' dir='ltr'>munierunt,</span> <span class='ocrx_word' id='word_1_47' title='bbox 605 969 666 1033; x_wconf 91' lang='lat' dir='ltr'>quo</span> <span class='ocrx_word' id='word_1_48' title='bbox 688 949 874 1015; x_wconf 87' lang='lat' dir='ltr'>incursionis</span> <span class='ocrx_word' id='word_1_49' title='bbox 896 949 1032 1015; x_wconf 90' lang='lat' dir='ltr'>hostium</span> <span class='ocrx_word' id='word_1_50' title='bbox 1054 948 1203 1014; x_wconf 88' lang='lat' dir='ltr'>vitandae</span> 
     </span>
     <span class='ocr_line' id='line_1_8' title="bbox 169 1052 1235 1137; baseline 0.001 -19"><span class='ocrx_word' id='word_1_51' title='bbox 169 1073 265 1118; x_wconf 88' lang='lat' dir='ltr'>eausa</span> <span class='ocrx_word' id='word_1_52' title='bbox 287 1053 678 1128; x_wconf 8' lang='lat' dir='ltr'>convenireqoonsuerunt.</span> <span class='ocrx_word' id='word_1_53' title='bbox 723 1072 761 1118; x_wconf 91' lang='lat' dir='ltr'>eo</span> <span class='ocrx_word' id='word_1_54' title='bbox 782 1052 988 1137; x_wconf 89' lang='lat' dir='ltr'>proficiscitur</span> <span class='ocrx_word' id='word_1_55' title='bbox 1015 1073 1087 1118; x_wconf 89' lang='lat' dir='ltr'>eum</span> <span class='ocrx_word' id='word_1_56' title='bbox 1109 1052 1235 1136; x_wconf 80' lang='lat' dir='ltr'>legio-4</span> 
     </span>
     <span class='ocr_line' id='line_1_9' title="bbox 169 1154 1203 1240; baseline 0 -20"><span class='ocrx_word' id='word_1_57' title='bbox 169 1155 276 1222; x_wconf 92' lang='lat' dir='ltr'>nibus:</span> <span class='ocrx_word' id='word_1_58' title='bbox 303 1155 405 1220; x_wconf 92' lang='lat' dir='ltr'>locum</span> <span class='ocrx_word' id='word_1_59' title='bbox 431 1155 547 1239; x_wconf 89' lang='lat' dir='ltr'>reperit</span> <span class='ocrx_word' id='word_1_60' title='bbox 574 1154 701 1239; x_wconf 89' lang='lat' dir='ltr'>egregie</span> <span class='ocrx_word' id='word_1_61' title='bbox 727 1161 841 1220; x_wconf 88' lang='lat' dir='ltr'>natura</span> <span class='ocrx_word' id='word_1_62' title='bbox 866 1161 962 1237; x_wconf 91' lang='lat' dir='ltr'>atque</span> <span class='ocrx_word' id='word_1_63' title='bbox 989 1175 1082 1240; x_wconf 90' lang='lat' dir='ltr'>opere</span> <span class='ocrx_word' id='word_1_64' title='bbox 1104 1155 1203 1220; x_wconf 92' lang='lat' dir='ltr'>muni-</span> 
     </span>
     <span class='ocr_line' id='line_1_10' title="bbox 169 1255 1203 1342; baseline 0 -20"><span class='ocrx_word' id='word_1_65' title='bbox 169 1265 249 1342; x_wconf 88' lang='lat' dir='ltr'>tum;</span> <span class='ocrx_word' id='word_1_66' title='bbox 279 1264 385 1322; x_wconf 90' lang='lat' dir='ltr'>tamen</span> <span class='ocrx_word' id='word_1_67' title='bbox 415 1256 499 1322; x_wconf 91' lang='lat' dir='ltr'>huno</span> <span class='ocrx_word' id='word_1_68' title='bbox 529 1255 651 1323; x_wconf 90' lang='lat' dir='ltr'>duabus</span> <span class='ocrx_word' id='word_1_69' title='bbox 681 1277 722 1323; x_wconf 86' lang='lat' dir='ltr'>ex</span> <span class='ocrx_word' id='word_1_70' title='bbox 752 1258 894 1342; x_wconf 89' lang='lat' dir='ltr'>partibus</span> <span class='ocrx_word' id='word_1_71' title='bbox 924 1278 1107 1342; x_wconf 86' lang='lat' dir='ltr'>oppugnare</span> <span class='ocrx_word' id='word_1_72' title='bbox 1133 1279 1203 1324; x_wconf 92' lang='lat' dir='ltr'>con-</span> 
     </span>
     <span class='ocr_line' id='line_1_11' title="bbox 169 1359 1235 1445; baseline 0.001 -19"><span class='ocrx_word' id='word_1_73' title='bbox 169 1359 279 1426; x_wconf 88' lang='lat' dir='ltr'>tendit.</span> <span class='ocrx_word' id='word_1_74' title='bbox 295 1360 402 1425; x_wconf 88' lang='lat' dir='ltr'>hostes</span> <span class='ocrx_word' id='word_1_75' title='bbox 416 1360 575 1444; x_wconf 88' lang='lat' dir='ltr'>paulisper</span> <span class='ocrx_word' id='word_1_76' title='bbox 589 1361 701 1426; x_wconf 89' lang='lat' dir='ltr'>morati</span> <span class='ocrx_word' id='word_1_77' title='bbox 716 1361 849 1426; x_wconf 91' lang='lat' dir='ltr'>militum</span> <span class='ocrx_word' id='word_1_78' title='bbox 858 1367 1040 1426; x_wconf 91' lang='lat' dir='ltr'>nostrorum</span> <span class='ocrx_word' id='word_1_79' title='bbox 1051 1362 1203 1445; x_wconf 90' lang='lat' dir='ltr'>impetum</span> <span class='ocrx_word' id='word_1_80' title='bbox 1220 1382 1235 1427; x_wconf 84' lang='lat' dir='ltr'>s</span> 
     </span>
     <span class='ocr_line' id='line_1_12' title="bbox 168 1463 1200 1548; baseline -0.001 -20"><span class='ocrx_word' id='word_1_81' title='bbox 168 1484 233 1530; x_wconf 94' lang='lat' dir='ltr'>non</span> <span class='ocrx_word' id='word_1_82' title='bbox 265 1463 405 1528; x_wconf 87' lang='lat' dir='ltr'>tulerunt</span> <span class='ocrx_word' id='word_1_83' title='bbox 437 1482 569 1545; x_wconf 87' lang='lat' dir='ltr'>seseque</span> <span class='ocrx_word' id='word_1_84' title='bbox 602 1463 666 1527; x_wconf 86' lang='lat' dir='ltr'>alia</span> <span class='ocrx_word' id='word_1_85' title='bbox 698 1483 739 1528; x_wconf 84' lang='lat' dir='ltr'>ex</span> <span class='ocrx_word' id='word_1_86' title='bbox 773 1470 862 1548; x_wconf 89' lang='lat' dir='ltr'>parte</span> <span class='ocrx_word' id='word_1_87' title='bbox 895 1463 1003 1548; x_wconf 88' lang='lat' dir='ltr'>oppidi</span> <span class='ocrx_word' id='word_1_88' title='bbox 1033 1465 1200 1530; x_wconf 88' lang='lat' dir='ltr'>eiecerunt.</span> 
     </span>
     <span class='ocr_line' id='line_1_13' title="bbox 168 1565 1235 1651; baseline 0.004 -21"><span class='ocrx_word' id='word_1_89' title='bbox 168 1585 303 1651; x_wconf 89' lang='lat' dir='ltr'>magnus</span> <span class='ocrx_word' id='word_1_90' title='bbox 328 1566 373 1632; x_wconf 92' lang='lat' dir='ltr'>ibi</span> <span class='ocrx_word' id='word_1_91' title='bbox 400 1585 548 1631; x_wconf 91' lang='lat' dir='ltr'>numerus</span> <span class='ocrx_word' id='word_1_92' title='bbox 573 1566 696 1649; x_wconf 88' lang='lat' dir='ltr'>pecoris</span> <span class='ocrx_word' id='word_1_93' title='bbox 722 1573 873 1650; x_wconf 84' lang='lat' dir='ltr'>repertus,</span> <span class='ocrx_word' id='word_1_94' title='bbox 896 1567 1049 1650; x_wconf 89' lang='lat' dir='ltr'>multique</span> <span class='ocrx_word' id='word_1_95' title='bbox 1070 1567 1104 1632; x_wconf 91' lang='lat' dir='ltr'>in</span> <span class='ocrx_word' id='word_1_96' title='bbox 1126 1565 1235 1650; x_wconf 85' lang='lat' dir='ltr'>fugae</span> 
     </span>
     <span class='ocr_line' id='line_1_14' title="bbox 169 1667 787 1752; baseline -0.002 -17"><span class='ocrx_word' id='word_1_97' title='bbox 169 1676 242 1735; x_wconf 90' lang='lat' dir='ltr'>sunt</span> <span class='ocrx_word' id='word_1_98' title='bbox 264 1667 481 1752; x_wconf 86' lang='lat' dir='ltr'>comprehensi</span> <span class='ocrx_word' id='word_1_99' title='bbox 502 1674 598 1750; x_wconf 92' lang='lat' dir='ltr'>atque</span> <span class='ocrx_word' id='word_1_100' title='bbox 620 1668 787 1734; x_wconf 86' lang='lat' dir='ltr'>interfecti.</span> 
     </span>
    </p>

    <p class='ocr_par' dir='ltr' id='par_1_3' title="bbox 135 1770 1264 3596">
     <span class='ocr_line' id='line_1_15' title="bbox 271 1770 1258 1855; baseline 0.002 -19"><span class='ocrx_word' id='word_1_101' title='bbox 271 1771 377 1836; x_wconf 89' lang='lat' dir='ltr'>XXII.</span> <span class='ocrx_word' id='word_1_102' title='bbox 421 1771 505 1836; x_wconf 90' lang='lat' dir='ltr'>Dum</span> <span class='ocrx_word' id='word_1_103' title='bbox 532 1770 611 1836; x_wconf 87' lang='lat' dir='ltr'>haec</span> <span class='ocrx_word' id='word_1_104' title='bbox 640 1771 674 1836; x_wconf 91' lang='lat' dir='ltr'>in</span> <span class='ocrx_word' id='word_1_105' title='bbox 696 1770 745 1836; x_wconf 89' lang='lat' dir='ltr'>his</span> <span class='ocrx_word' id='word_1_106' title='bbox 767 1771 843 1836; x_wconf 90' lang='lat' dir='ltr'>locis</span> <span class='ocrx_word' id='word_1_107' title='bbox 865 1777 1026 1855; x_wconf 89' lang='lat' dir='ltr'>geruntur,</span> <span class='ocrx_word' id='word_1_108' title='bbox 1050 1770 1201 1836; x_wconf 77' lang='lat' dir='ltr'>Cassivel·</span> <span class='ocrx_word' id='word_1_109' title='bbox 1222 1793 1258 1850; x_wconf 73' lang='lat' dir='ltr'>r,</span> 
     </span>
     <span class='ocr_line' id='line_1_16' title="bbox 168 1872 1202 1958; baseline -0.003 -18"><span class='ocrx_word' id='word_1_110' title='bbox 168 1875 281 1940; x_wconf 89' lang='lat' dir='ltr'>launus</span> <span class='ocrx_word' id='word_1_111' title='bbox 309 1872 530 1957; x_wconf 70' lang='lat' dir='ltr'>addentium,</span> <span class='ocrx_word' id='word_1_112' title='bbox 562 1873 646 1955; x_wconf 93' lang='lat' dir='ltr'>quod</span> <span class='ocrx_word' id='word_1_113' title='bbox 675 1893 745 1938; x_wconf 90' lang='lat' dir='ltr'>esse</span> <span class='ocrx_word' id='word_1_114' title='bbox 773 1872 815 1938; x_wconf 91' lang='lat' dir='ltr'>ad</span> <span class='ocrx_word' id='word_1_115' title='bbox 844 1893 931 1940; x_wconf 90' lang='lat' dir='ltr'>mare</span> <span class='ocrx_word' id='word_1_116' title='bbox 960 1894 1055 1958; x_wconf 91' lang='lat' dir='ltr'>supra</span> <span class='ocrx_word' id='word_1_117' title='bbox 1077 1872 1202 1938; x_wconf 88' lang='lat' dir='ltr'>demon-</span> 
     </span>
     <span class='ocr_line' id='line_1_17' title="bbox 169 1975 1201 2061; baseline -0.002 -19"><span class='ocrx_word' id='word_1_118' title='bbox 169 1977 350 2059; x_wconf 83' lang='lat' dir='ltr'>stravaus,</span> <span class='ocrx_word' id='word_1_119' title='bbox 378 1975 492 2058; x_wconf 88' lang='lat' dir='ltr'>quibus</span> <span class='ocrx_word' id='word_1_120' title='bbox 522 1977 703 2060; x_wconf 81' lang='lat' dir='ltr'>regionibus</span> <span class='ocrx_word' id='word_1_121' title='bbox 731 1982 876 2058; x_wconf 90' lang='lat' dir='ltr'>quattuor</span> <span class='ocrx_word' id='word_1_122' title='bbox 906 1996 997 2061; x_wconf 89' lang='lat' dir='ltr'>reges</span> <span class='ocrx_word' id='word_1_123' title='bbox 1025 1983 1201 2060; x_wconf 87' lang='lat' dir='ltr'>praeerant,</span> 
     </span>
     <span class='ocr_line' id='line_1_18' title="bbox 170 2078 1202 2164; baseline -0.002 -19"><span class='ocrx_word' id='word_1_124' title='bbox 170 2079 362 2164; x_wconf 75' lang='lat' dir='ltr'>Cingetorix,</span> <span class='ocrx_word' id='word_1_125' title='bbox 387 2079 551 2160; x_wconf 86' lang='lat' dir='ltr'>Carvilius,</span> <span class='ocrx_word' id='word_1_126' title='bbox 566 2079 803 2163; x_wconf 82' lang='lat' dir='ltr'>Taximagulus,</span> <span class='ocrx_word' id='word_1_127' title='bbox 820 2080 977 2164; x_wconf 83' lang='lat' dir='ltr'>Segovax,</span> <span class='ocrx_word' id='word_1_128' title='bbox 993 2079 1120 2144; x_wconf 88' lang='lat' dir='ltr'>nuntios</span> <span class='ocrx_word' id='word_1_129' title='bbox 1134 2078 1202 2143; x_wconf 93' lang='lat' dir='ltr'>mit-</span> 
     </span>
     <span class='ocr_line' id='line_1_19' title="bbox 168 2180 1202 2266; baseline -0.002 -18"><span class='ocrx_word' id='word_1_130' title='bbox 168 2183 207 2248; x_wconf 89' lang='lat' dir='ltr'>tit</span> <span class='ocrx_word' id='word_1_131' title='bbox 233 2189 329 2264; x_wconf 88' lang='lat' dir='ltr'>atque</span> <span class='ocrx_word' id='word_1_132' title='bbox 354 2180 404 2246; x_wconf 88' lang='lat' dir='ltr'>bis</span> <span class='ocrx_word' id='word_1_133' title='bbox 430 2181 572 2266; x_wconf 91' lang='lat' dir='ltr'>imperat,</span> <span class='ocrx_word' id='word_1_134' title='bbox 600 2182 646 2246; x_wconf 89' lang='lat' dir='ltr'>uti</span> <span class='ocrx_word' id='word_1_135' title='bbox 673 2183 789 2248; x_wconf 88' lang='lat' dir='ltr'>coactis</span> <span class='ocrx_word' id='word_1_136' title='bbox 812 2183 957 2249; x_wconf 91' lang='lat' dir='ltr'>omnibus</span> <span class='ocrx_word' id='word_1_137' title='bbox 979 2183 1077 2266; x_wconf 87' lang='lat' dir='ltr'>copiis</span> <span class='ocrx_word' id='word_1_138' title='bbox 1099 2187 1202 2248; x_wconf 86' lang='lat' dir='ltr'>castra</span> 
     </span>
     <span class='ocr_line' id='line_1_20' title="bbox 169 2283 1234 2370; baseline 0.002 -20"><span class='ocrx_word' id='word_1_139' title='bbox 169 2285 296 2350; x_wconf 85' lang='lat' dir='ltr'>navalia</span> <span class='ocrx_word' id='word_1_140' title='bbox 317 2283 357 2348; x_wconf 88' lang='lat' dir='ltr'>de</span> <span class='ocrx_word' id='word_1_141' title='bbox 378 2284 547 2368; x_wconf 84' lang='lat' dir='ltr'>improviso</span> <span class='ocrx_word' id='word_1_142' title='bbox 569 2284 752 2350; x_wconf 88' lang='lat' dir='ltr'>adoriantur</span> <span class='ocrx_word' id='word_1_143' title='bbox 766 2291 861 2367; x_wconf 89' lang='lat' dir='ltr'>atque</span> <span class='ocrx_word' id='word_1_144' title='bbox 876 2291 1069 2370; x_wconf 90' lang='lat' dir='ltr'>oppugnent.</span> <span class='ocrx_word' id='word_1_145' title='bbox 1092 2285 1202 2350; x_wconf 85' lang='lat' dir='ltr'>ileum</span> <span class='ocrx_word' id='word_1_146' title='bbox 1219 2305 1234 2352; x_wconf 79' lang='lat' dir='ltr'>a</span> 
     </span>
     <span class='ocr_line' id='line_1_21' title="bbox 168 2387 1202 2471; baseline -0.001 -18"><span class='ocrx_word' id='word_1_147' title='bbox 168 2388 210 2453; x_wconf 88' lang='lat' dir='ltr'>ad</span> <span class='ocrx_word' id='word_1_148' title='bbox 233 2393 336 2452; x_wconf 88' lang='lat' dir='ltr'>castra</span> <span class='ocrx_word' id='word_1_149' title='bbox 357 2387 528 2468; x_wconf 85' lang='lat' dir='ltr'>venissent,</span> <span class='ocrx_word' id='word_1_150' title='bbox 551 2387 649 2453; x_wconf 91' lang='lat' dir='ltr'>nostri</span> <span class='ocrx_word' id='word_1_151' title='bbox 673 2387 836 2471; x_wconf 89' lang='lat' dir='ltr'>eruptione</span> <span class='ocrx_word' id='word_1_152' title='bbox 858 2388 943 2453; x_wconf 85' lang='lat' dir='ltr'>facta</span> <span class='ocrx_word' id='word_1_153' title='bbox 964 2389 1070 2454; x_wconf 86' lang='lat' dir='ltr'>multis</span> <span class='ocrx_word' id='word_1_154' title='bbox 1096 2408 1202 2454; x_wconf 88' lang='lat' dir='ltr'>eorum</span> 
     </span>
     <span class='ocr_line' id='line_1_22' title="bbox 169 2488 1202 2574; baseline 0.002 -20"><span class='ocrx_word' id='word_1_155' title='bbox 169 2490 352 2570; x_wconf 86' lang='lat' dir='ltr'>interfectis,</span> <span class='ocrx_word' id='word_1_156' title='bbox 379 2495 471 2573; x_wconf 89' lang='lat' dir='ltr'>capto</span> <span class='ocrx_word' id='word_1_157' title='bbox 499 2490 594 2554; x_wconf 89' lang='lat' dir='ltr'>etiam</span> <span class='ocrx_word' id='word_1_158' title='bbox 620 2490 718 2556; x_wconf 93' lang='lat' dir='ltr'>nobili</span> <span class='ocrx_word' id='word_1_159' title='bbox 745 2488 825 2554; x_wconf 90' lang='lat' dir='ltr'>duce</span> <span class='ocrx_word' id='word_1_160' title='bbox 847 2491 1037 2574; x_wconf 87' lang='lat' dir='ltr'>Lugotorige</span> <span class='ocrx_word' id='word_1_161' title='bbox 1060 2510 1132 2556; x_wconf 90' lang='lat' dir='ltr'>suos</span> <span class='ocrx_word' id='word_1_162' title='bbox 1156 2491 1202 2556; x_wconf 94' lang='lat' dir='ltr'>in·</span> 
     </span>
     <span class='ocr_line' id='line_1_23' title="bbox 169 2577 1234 2677; baseline 0.003 -20"><span class='ocrx_word' id='word_1_163' title='bbox 169 2593 306 2658; x_wconf 89' lang='lat' dir='ltr'>columes</span> <span class='ocrx_word' id='word_1_164' title='bbox 327 2577 529 2657; x_wconf 80' lang='lat' dir='ltr'>reduxerunt.</span> <span class='ocrx_word' id='word_1_165' title='bbox 561 2593 815 2658; x_wconf 80' lang='lat' dir='ltr'>Cassivellaunus</span> <span class='ocrx_word' id='word_1_166' title='bbox 837 2591 897 2658; x_wconf 89' lang='lat' dir='ltr'>hoo</span> <span class='ocrx_word' id='word_1_167' title='bbox 919 2592 1036 2677; x_wconf 88' lang='lat' dir='ltr'>proelio</span> <span class='ocrx_word' id='word_1_168' title='bbox 1058 2593 1234 2660; x_wconf 83' lang='lat' dir='ltr'>nuntiatos</span> 
     </span>
     <span class='ocr_line' id='line_1_24' title="bbox 168 2694 1201 2779; baseline -0.004 -17"><span class='ocrx_word' id='word_1_169' title='bbox 168 2702 214 2762; x_wconf 91' lang='lat' dir='ltr'>tot</span> <span class='ocrx_word' id='word_1_170' title='bbox 240 2694 436 2760; x_wconf 86' lang='lat' dir='ltr'>detrimentis</span> <span class='ocrx_word' id='word_1_171' title='bbox 462 2695 610 2779; x_wconf 89' lang='lat' dir='ltr'>acceptis,</span> <span class='ocrx_word' id='word_1_172' title='bbox 639 2695 770 2760; x_wconf 89' lang='lat' dir='ltr'>vastatis</span> <span class='ocrx_word' id='word_1_173' title='bbox 791 2694 918 2776; x_wconf 88' lang='lat' dir='ltr'>finibus,</span> <span class='ocrx_word' id='word_1_174' title='bbox 945 2695 1084 2760; x_wconf 87' lang='lat' dir='ltr'>maxime</span> <span class='ocrx_word' id='word_1_175' title='bbox 1106 2695 1201 2759; x_wconf 90' lang='lat' dir='ltr'>etiam</span> 
     </span>
     <span class='ocr_line' id='line_1_25' title="bbox 135 2797 1201 2888; baseline -0.002 -24"><span class='ocrx_word' id='word_1_176' title='bbox 135 2882 138 2888; x_wconf 86' lang='lat'>.</span> <span class='ocrx_word' id='word_1_177' title='bbox 168 2805 328 2884; x_wconf 87' lang='lat' dir='ltr'>permotus</span> <span class='ocrx_word' id='word_1_178' title='bbox 361 2797 538 2863; x_wconf 87' lang='lat' dir='ltr'>defectione</span> <span class='ocrx_word' id='word_1_179' title='bbox 574 2799 746 2879; x_wconf 87' lang='lat' dir='ltr'>civitatum,</span> <span class='ocrx_word' id='word_1_180' title='bbox 779 2798 901 2881; x_wconf 89' lang='lat' dir='ltr'>legatos</span> <span class='ocrx_word' id='word_1_181' title='bbox 933 2817 990 2882; x_wconf 90' lang='lat' dir='ltr'>per</span> <span class='ocrx_word' id='word_1_182' title='bbox 1018 2797 1201 2863; x_wconf 84' lang='lat' dir='ltr'>Atrebatem</span> 
     </span>
     <span class='ocr_line' id='line_1_26' title="bbox 169 2900 1233 2984; baseline 0.001 -16"><span class='ocrx_word' id='word_1_183' title='bbox 169 2901 344 2968; x_wconf 81' lang='lat' dir='ltr'>Commium</span> <span class='ocrx_word' id='word_1_184' title='bbox 366 2900 406 2966; x_wconf 89' lang='lat' dir='ltr'>de</span> <span class='ocrx_word' id='word_1_185' title='bbox 428 2900 588 2966; x_wconf 90' lang='lat' dir='ltr'>deditione</span> <span class='ocrx_word' id='word_1_186' title='bbox 603 2900 646 2966; x_wconf 88' lang='lat' dir='ltr'>ad</span> <span class='ocrx_word' id='word_1_187' title='bbox 661 2901 829 2966; x_wconf 82' lang='lat' dir='ltr'>Caesarem</span> <span class='ocrx_word' id='word_1_188' title='bbox 844 2901 948 2984; x_wconf 89' lang='lat' dir='ltr'>mittit.</span> <span class='ocrx_word' id='word_1_189' title='bbox 981 2901 1106 2982; x_wconf 78' lang='lat' dir='ltr'>Caesar,</span> <span class='ocrx_word' id='word_1_190' title='bbox 1130 2920 1201 2965; x_wconf 93' lang='lat' dir='ltr'>cum</span> <span class='ocrx_word' id='word_1_191' title='bbox 1218 2921 1233 2969; x_wconf 82' lang='lat'>4</span> 
     </span>
     <span class='ocr_line' id='line_1_27' title="bbox 169 3003 1201 3090; baseline -0.002 -20"><span class='ocrx_word' id='word_1_192' title='bbox 169 3004 381 3070; x_wconf 88' lang='lat' dir='ltr'>constituisset</span> <span class='ocrx_word' id='word_1_193' title='bbox 412 3003 553 3069; x_wconf 89' lang='lat' dir='ltr'>hiemare</span> <span class='ocrx_word' id='word_1_194' title='bbox 584 3004 619 3068; x_wconf 93' lang='lat' dir='ltr'>in</span> <span class='ocrx_word' id='word_1_195' title='bbox 652 3003 826 3070; x_wconf 91' lang='lat' dir='ltr'>continenti</span> <span class='ocrx_word' id='word_1_196' title='bbox 859 3009 1002 3090; x_wconf 85' lang='lat' dir='ltr'>propter.</span> <span class='ocrx_word' id='word_1_197' title='bbox 1020 3003 1201 3088; x_wconf 91' lang='lat' dir='ltr'>repentinos</span> 
     </span>
     <span class='ocr_line' id='line_1_28' title="bbox 169 3107 1201 3190; baseline -0.002 -18"><span class='ocrx_word' id='word_1_198' title='bbox 169 3107 289 3172; x_wconf 83' lang='lat' dir='ltr'>Galliae</span> <span class='ocrx_word' id='word_1_199' title='bbox 318 3112 429 3187; x_wconf 89' lang='lat' dir='ltr'>motus,</span> <span class='ocrx_word' id='word_1_200' title='bbox 456 3126 561 3189; x_wconf 89' lang='lat' dir='ltr'>neque</span> <span class='ocrx_word' id='word_1_201' title='bbox 587 3107 719 3172; x_wconf 89' lang='lat' dir='ltr'>multum</span> <span class='ocrx_word' id='word_1_202' title='bbox 745 3107 875 3172; x_wconf 84' lang='lat' dir='ltr'>aestatIs</span> <span class='ocrx_word' id='word_1_203' title='bbox 897 3112 1083 3190; x_wconf 88' lang='lat' dir='ltr'>superesset,</span> <span class='ocrx_word' id='word_1_204' title='bbox 1105 3111 1201 3189; x_wconf 89' lang='lat' dir='ltr'>atque</span> 
     </span>
     <span class='ocr_line' id='line_1_29' title="bbox 168 3209 1264 3303; baseline 0 -29"><span class='ocrx_word' id='word_1_205' title='bbox 168 3209 202 3274; x_wconf 92' lang='lat' dir='ltr'>id</span> <span class='ocrx_word' id='word_1_206' title='bbox 230 3209 323 3274; x_wconf 86' lang='lat' dir='ltr'>facile</span> <span class='ocrx_word' id='word_1_207' title='bbox 353 3209 477 3274; x_wconf 84' lang='lat' dir='ltr'>extrahi</span> <span class='ocrx_word' id='word_1_208' title='bbox 503 3227 596 3294; x_wconf 90' lang='lat' dir='ltr'>posse</span> <span class='ocrx_word' id='word_1_209' title='bbox 622 3210 828 3294; x_wconf 87' lang='lat' dir='ltr'>intellegeret,</span> <span class='ocrx_word' id='word_1_210' title='bbox 856 3209 982 3275; x_wconf 89' lang='lat' dir='ltr'>obsides</span> <span class='ocrx_word' id='word_1_211' title='bbox 1009 3209 1143 3294; x_wconf 91' lang='lat' dir='ltr'>imperat</span> <span class='ocrx_word' id='word_1_212' title='bbox 1169 3215 1201 3283; x_wconf 86' lang='lat' dir='ltr'>et</span> <span class='ocrx_word' id='word_1_213' title='bbox 1259 3295 1264 3303; x_wconf 19' lang='grc' dir='ltr'>η</span> 
     </span>
     <span class='ocr_line' id='line_1_30' title="bbox 168 3311 1201 3397; baseline 0.001 -21"><span class='ocrx_word' id='word_1_214' title='bbox 168 3311 245 3394; x_wconf 92' lang='lat' dir='ltr'>quid</span> <span class='ocrx_word' id='word_1_215' title='bbox 273 3312 307 3376; x_wconf 93' lang='lat' dir='ltr'>in</span> <span class='ocrx_word' id='word_1_216' title='bbox 334 3331 435 3376; x_wconf 86' lang='lat' dir='ltr'>annos</span> <span class='ocrx_word' id='word_1_217' title='bbox 463 3312 603 3396; x_wconf 89' lang='lat' dir='ltr'>singulos</span> <span class='ocrx_word' id='word_1_218' title='bbox 629 3313 793 3397; x_wconf 88' lang='lat' dir='ltr'>vectigalis</span> <span class='ocrx_word' id='word_1_219' title='bbox 821 3312 936 3397; x_wconf 93' lang='lat' dir='ltr'>populo</span> <span class='ocrx_word' id='word_1_220' title='bbox 965 3314 1106 3380; x_wconf 91' lang='lat' dir='ltr'>Romano</span> <span class='ocrx_word' id='word_1_221' title='bbox 1136 3313 1201 3378; x_wconf 92' lang='lat' dir='ltr'>Bri·</span> 
     </span>
     <span class='ocr_line' id='line_1_31' title="bbox 168 3412 1232 3500; baseline 0.006 -22"><span class='ocrx_word' id='word_1_222' title='bbox 168 3414 278 3478; x_wconf 90' lang='lat' dir='ltr'>tannia</span> <span class='ocrx_word' id='word_1_223' title='bbox 299 3412 460 3498; x_wconf 91' lang='lat' dir='ltr'>penderet,</span> <span class='ocrx_word' id='word_1_224' title='bbox 484 3415 657 3500; x_wconf 88' lang='lat' dir='ltr'>constituit;</span> <span class='ocrx_word' id='word_1_225' title='bbox 680 3414 839 3480; x_wconf 89' lang='lat' dir='ltr'>interdicit</span> <span class='ocrx_word' id='word_1_226' title='bbox 861 3421 956 3498; x_wconf 90' lang='lat' dir='ltr'>atque</span> <span class='ocrx_word' id='word_1_227' title='bbox 978 3415 1112 3500; x_wconf 87' lang='lat' dir='ltr'>imperat</span> <span class='ocrx_word' id='word_1_228' title='bbox 1128 3417 1232 3484; x_wconf 83' lang='lat' dir='ltr'>Cas-s</span> 
     </span>
     <span class='ocr_line' id='line_1_32' title="bbox 168 3516 1155 3596; baseline 0.002 -14"><span class='ocrx_word' id='word_1_229' title='bbox 168 3517 351 3596; x_wconf 89' lang='lat' dir='ltr'>sivellauno,</span> <span class='ocrx_word' id='word_1_230' title='bbox 374 3536 415 3580; x_wconf 87' lang='lat' dir='ltr'>ne</span> <span class='ocrx_word' id='word_1_231' title='bbox 437 3516 662 3583; x_wconf 87' lang='lat' dir='ltr'>Mandubracio</span> <span class='ocrx_word' id='word_1_232' title='bbox 683 3538 746 3584; x_wconf 90' lang='lat' dir='ltr'>neu</span> <span class='ocrx_word' id='word_1_233' title='bbox 768 3518 1013 3584; x_wconf 86' lang='lat' dir='ltr'>Trinobantibus</span> <span class='ocrx_word' id='word_1_234' title='bbox 1035 3526 1155 3584; x_wconf 87' lang='lat' dir='ltr'>noceat.</span> 
     </span>
    </p>

    <p class='ocr_par' dir='ltr' id='par_1_4' title="bbox 168 3618 1232 3908">
     <span class='ocr_line' id='line_1_33' title="bbox 270 3618 1232 3706; baseline 0.005 -23"><span class='ocrx_word' id='word_1_235' title='bbox 270 3619 393 3684; x_wconf 88' lang='lat' dir='ltr'>XXIII.</span> <span class='ocrx_word' id='word_1_236' title='bbox 439 3618 609 3685; x_wconf 91' lang='lat' dir='ltr'>Obsidibus</span> <span class='ocrx_word' id='word_1_237' title='bbox 636 3621 774 3706; x_wconf 87' lang='lat' dir='ltr'>acceptis</span> <span class='ocrx_word' id='word_1_238' title='bbox 805 3621 979 3686; x_wconf 86' lang='lat' dir='ltr'>exercitum</span> <span class='ocrx_word' id='word_1_239' title='bbox 1008 3620 1129 3686; x_wconf 91' lang='lat' dir='ltr'>reducit</span> <span class='ocrx_word' id='word_1_240' title='bbox 1157 3621 1232 3688; x_wconf 88' lang='lat' dir='ltr'>adr</span> 
     </span>
     <span class='ocr_line' id='line_1_34' title="bbox 168 3721 1232 3808; baseline 0.006 -22"><span class='ocrx_word' id='word_1_241' title='bbox 168 3742 264 3803; x_wconf 88' lang='lat' dir='ltr'>mare,</span> <span class='ocrx_word' id='word_1_242' title='bbox 287 3741 385 3787; x_wconf 90' lang='lat' dir='ltr'>naves</span> <span class='ocrx_word' id='word_1_243' title='bbox 407 3721 530 3786; x_wconf 89' lang='lat' dir='ltr'>invenit</span> <span class='ocrx_word' id='word_1_244' title='bbox 551 3722 694 3789; x_wconf 86' lang='lat' dir='ltr'>resectas.</span> <span class='ocrx_word' id='word_1_245' title='bbox 729 3724 779 3789; x_wconf 83' lang='lat' dir='ltr'>hIs</span> <span class='ocrx_word' id='word_1_246' title='bbox 794 3722 946 3806; x_wconf 90' lang='lat' dir='ltr'>deductis,</span> <span class='ocrx_word' id='word_1_247' title='bbox 971 3722 1054 3804; x_wconf 91' lang='lat' dir='ltr'>quod</span> <span class='ocrx_word' id='word_1_248' title='bbox 1077 3730 1108 3788; x_wconf 89' lang='lat' dir='ltr'>et</span> <span class='ocrx_word' id='word_1_249' title='bbox 1130 3743 1232 3808; x_wconf 83' lang='lat' dir='ltr'>cap-a</span> 
     </span>
     <span class='ocr_line' id='line_1_35' title="bbox 168 3823 1200 3908; baseline 0.002 -20"><span class='ocrx_word' id='word_1_250' title='bbox 168 3823 302 3890; x_wconf 86' lang='lat' dir='ltr'>tivorum</span> <span class='ocrx_word' id='word_1_251' title='bbox 331 3845 480 3908; x_wconf 88' lang='lat' dir='ltr'>magnum</span> <span class='ocrx_word' id='word_1_252' title='bbox 510 3845 673 3890; x_wconf 91' lang='lat' dir='ltr'>numerum</span> <span class='ocrx_word' id='word_1_253' title='bbox 702 3827 841 3892; x_wconf 88' lang='lat' dir='ltr'>habebat</span> <span class='ocrx_word' id='word_1_254' title='bbox 868 3832 899 3890; x_wconf 89' lang='lat' dir='ltr'>et</span> <span class='ocrx_word' id='word_1_255' title='bbox 927 3825 1095 3890; x_wconf 90' lang='lat' dir='ltr'>nonnullae</span> <span class='ocrx_word' id='word_1_256' title='bbox 1125 3832 1200 3892; x_wconf 88' lang='lat' dir='ltr'>tem-</span> 
     </span>
    </p>
   </div>
   <div class='ocr_carea' id='block_1_3' title="bbox 0 0 1488 4196">
    <p class='ocr_par' dir='ltr' id='par_1_5' title="bbox 0 0 1488 4196">
     <span class='ocr_line' id='line_1_36' title="bbox 0 0 1488 4196; baseline 0 0"><span class='ocrx_word' id='word_1_257' title='bbox 0 0 1488 4196; x_wconf 95' lang='lat' dir='ltr'> </span> 
     </span>
    </p>
   </div>
  </div>
 </body>
</html>
