<?xml version="1.0" encoding="UTF-8"?>
<!DOCTYPE html PUBLIC "-//W3C//DTD XHTML 1.0 Transitional//EN"
    "http://www.w3.org/TR/xhtml1/DTD/xhtml1-transitional.dtd">
<html xmlns="http://www.w3.org/1999/xhtml" xml:lang="en" lang="en">
 <head>
  <title>
</title>
<meta http-equiv="Content-Type" content="text/html;charset=utf-8" />
  <meta name='ocr-system' content='tesseract 3.04.00' />
  <meta name='ocr-capabilities' content='ocr_page ocr_carea ocr_par ocr_line ocrx_word'/>
</head>
<body>
  <div class='ocr_page' id='page_1' title='image "./commentariidebe00pramgoog_0182.png"; bbox 0 0 2966 4196; ppageno 0'>
   <div class='ocr_carea' id='block_1_1' title="bbox 469 239 1224 310">
    <p class='ocr_par' dir='ltr' id='par_1_1' title="bbox 469 239 1224 310">
     <span class='ocr_line' id='line_1_1' title="bbox 469 239 1224 310; baseline -0.011 -2"><span class='ocrx_word' id='word_1_1' title='bbox 469 251 577 308; x_wconf 84' lang='lat' dir='ltr'>COllll.</span> <span class='ocrx_word' id='word_1_2' title='bbox 590 253 655 306; x_wconf 93' lang='lat' dir='ltr'>VII.</span> <span class='ocrx_word' id='word_1_3' title='bbox 673 253 755 307; x_wconf 86' lang='lat' dir='ltr'>CAP.</span> <span class='ocrx_word' id='word_1_4' title='bbox 768 253 956 310; x_wconf 73' lang='lat' dir='ltr'>le-Lvn</span> <span class='ocrx_word' id='word_1_5' title='bbox 1165 239 1224 301; x_wconf 79' lang='grc'>167</span> 
     </span>
    </p>
   </div>
   <div class='ocr_carea' id='block_1_2' title="bbox 115 425 1296 3398">
    <p class='ocr_par' dir='ltr' id='par_1_2' title="bbox 189 425 1277 716">
     <span class='ocr_line' id='line_1_2' title="bbox 190 425 1277 510; baseline 0.004 -20"><span class='ocrx_word' id='word_1_6' title='bbox 190 425 350 510; x_wconf 82' lang='lat' dir='ltr'>expellere</span> <span class='ocrx_word' id='word_1_7' title='bbox 372 431 510 509; x_wconf 83' lang='lat' dir='ltr'>possent.</span> <span class='ocrx_word' id='word_1_8' title='bbox 550 446 645 508; x_wconf 91' lang='lat' dir='ltr'>quam</span> <span class='ocrx_word' id='word_1_9' title='bbox 667 425 709 491; x_wconf 94' lang='lat' dir='ltr'>ad</span> <span class='ocrx_word' id='word_1_10' title='bbox 724 446 813 510; x_wconf 91' lang='lat' dir='ltr'>spem</span> <span class='ocrx_word' id='word_1_11' title='bbox 828 427 960 490; x_wconf 89' lang='lat' dir='ltr'>multum</span> <span class='ocrx_word' id='word_1_12' title='bbox 976 447 1030 492; x_wconf 90' lang='lat' dir='ltr'>eos</span> <span class='ocrx_word' id='word_1_13' title='bbox 1045 425 1227 507; x_wconf 88' lang='lat' dir='ltr'>adiuvabat,</span> <span class='ocrx_word' id='word_1_14' title='bbox 1249 447 1277 496; x_wconf 87' lang='lat' dir='ltr'>ro</span> 
     </span>
     <span class='ocr_line' id='line_1_3' title="bbox 189 527 1228 612; baseline 0 -18"><span class='ocrx_word' id='word_1_15' title='bbox 189 527 274 611; x_wconf 90' lang='lat' dir='ltr'>quod</span> <span class='ocrx_word' id='word_1_16' title='bbox 295 528 392 612; x_wconf 86' lang='lat' dir='ltr'>Liger</span> <span class='ocrx_word' id='word_1_17' title='bbox 421 547 463 593; x_wconf 83' lang='lat' dir='ltr'>ex</span> <span class='ocrx_word' id='word_1_18' title='bbox 492 528 620 594; x_wconf 92' lang='lat' dir='ltr'>nivibus</span> <span class='ocrx_word' id='word_1_19' title='bbox 651 535 802 611; x_wconf 88' lang='lat' dir='ltr'>creverat,</span> <span class='ocrx_word' id='word_1_20' title='bbox 832 535 868 594; x_wconf 91' lang='lat' dir='ltr'>ut</span> <span class='ocrx_word' id='word_1_21' title='bbox 896 530 1023 595; x_wconf 93' lang='lat' dir='ltr'>omnino</span> <span class='ocrx_word' id='word_1_22' title='bbox 1053 529 1135 596; x_wconf 91' lang='lat' dir='ltr'>vado</span> <span class='ocrx_word' id='word_1_23' title='bbox 1164 551 1228 596; x_wconf 94' lang='lat' dir='ltr'>non</span> 
     </span>
     <span class='ocr_line' id='line_1_4' title="bbox 189 630 620 716; baseline -0.005 -19"><span class='ocrx_word' id='word_1_24' title='bbox 189 651 283 716; x_wconf 90' lang='lat' dir='ltr'>posse</span> <span class='ocrx_word' id='word_1_25' title='bbox 305 631 431 696; x_wconf 91' lang='lat' dir='ltr'>transiri</span> <span class='ocrx_word' id='word_1_26' title='bbox 454 630 620 695; x_wconf 90' lang='lat' dir='ltr'>videretur.</span> 
     </span>
    </p>

    <p class='ocr_par' dir='ltr' id='par_1_3' title="bbox 115 733 1296 2554">
     <span class='ocr_line' id='line_1_5' title="bbox 294 733 1261 818; baseline 0.004 -19"><span class='ocrx_word' id='word_1_27' title='bbox 294 735 375 800; x_wconf 87' lang='lat' dir='ltr'><strong>LVI.</strong></span> <span class='ocrx_word' id='word_1_28' title='bbox 423 733 545 810; x_wconf 82' lang='lat' dir='ltr'><strong>Quibus</strong></span> <span class='ocrx_word' id='word_1_29' title='bbox 575 736 670 800; x_wconf 89' lang='lat' dir='ltr'>rebus</span> <span class='ocrx_word' id='word_1_30' title='bbox 700 735 834 818; x_wconf 85' lang='lat' dir='ltr'>cognitis</span> <span class='ocrx_word' id='word_1_31' title='bbox 862 735 979 800; x_wconf 82' lang='lat' dir='ltr'>Caesar</span> <span class='ocrx_word' id='word_1_32' title='bbox 1008 735 1261 805; x_wconf 85' lang='lat' dir='ltr'>maturandumr</span> 
     </span>
     <span class='ocr_line' id='line_1_6' title="bbox 190 836 1228 922; baseline -0.002 -18"><span class='ocrx_word' id='word_1_33' title='bbox 190 838 252 904; x_wconf 93' lang='lat' dir='ltr'>sibi</span> <span class='ocrx_word' id='word_1_34' title='bbox 275 837 407 922; x_wconf 88' lang='lat' dir='ltr'>censuit,</span> <span class='ocrx_word' id='word_1_35' title='bbox 430 837 458 902; x_wconf 92' lang='lat' dir='ltr'>si</span> <span class='ocrx_word' id='word_1_36' title='bbox 482 843 565 904; x_wconf 89' lang='lat' dir='ltr'>esset</span> <span class='ocrx_word' id='word_1_37' title='bbox 586 837 621 902; x_wconf 92' lang='lat' dir='ltr'>in</span> <span class='ocrx_word' id='word_1_38' title='bbox 643 836 845 922; x_wconf 85' lang='lat' dir='ltr'>perficiendis</span> <span class='ocrx_word' id='word_1_39' title='bbox 874 837 1024 921; x_wconf 88' lang='lat' dir='ltr'>pontibus</span> <span class='ocrx_word' id='word_1_40' title='bbox 1052 837 1228 922; x_wconf 90' lang='lat' dir='ltr'>periclitan·</span> 
     </span>
     <span class='ocr_line' id='line_1_7' title="bbox 190 940 1227 1026; baseline 0 -20"><span class='ocrx_word' id='word_1_41' title='bbox 190 941 276 1022; x_wconf 91' lang='lat' dir='ltr'>dum,</span> <span class='ocrx_word' id='word_1_42' title='bbox 299 947 334 1005; x_wconf 93' lang='lat' dir='ltr'>ut</span> <span class='ocrx_word' id='word_1_43' title='bbox 355 941 452 1025; x_wconf 89' lang='lat' dir='ltr'>prius,</span> <span class='ocrx_word' id='word_1_44' title='bbox 476 960 571 1022; x_wconf 91' lang='lat' dir='ltr'>quam</span> <span class='ocrx_word' id='word_1_45' title='bbox 594 946 700 1006; x_wconf 90' lang='lat' dir='ltr'>essent</span> <span class='ocrx_word' id='word_1_46' title='bbox 722 940 858 1006; x_wconf 90' lang='lat' dir='ltr'>maiores</span> <span class='ocrx_word' id='word_1_47' title='bbox 890 960 927 1006; x_wconf 90' lang='lat' dir='ltr'>eo</span> <span class='ocrx_word' id='word_1_48' title='bbox 957 945 1085 1006; x_wconf 77' lang='lat' dir='ltr'>coactae</span> <span class='ocrx_word' id='word_1_49' title='bbox 1108 942 1227 1026; x_wconf 83' lang='lat' dir='ltr'>copiae,</span> 
     </span>
     <span class='ocr_line' id='line_1_8' title="bbox 190 1039 1269 1128; baseline 0.004 -19"><span class='ocrx_word' id='word_1_50' title='bbox 190 1045 363 1110; x_wconf 82' lang='lat' dir='ltr'>dimicaret.</span> <span class='ocrx_word' id='word_1_51' title='bbox 408 1063 484 1108; x_wconf 92' lang='lat' dir='ltr'>nam</span> <span class='ocrx_word' id='word_1_52' title='bbox 505 1063 547 1108; x_wconf 91' lang='lat' dir='ltr'>ne</span> <span class='ocrx_word' id='word_1_53' title='bbox 577 1039 765 1108; x_wconf 88' lang='lat' dir='ltr'>commutato</span> <span class='ocrx_word' id='word_1_54' title='bbox 795 1043 924 1108; x_wconf 91' lang='lat' dir='ltr'>consilio</span> <span class='ocrx_word' id='word_1_55' title='bbox 953 1043 1013 1108; x_wconf 91' lang='lat' dir='ltr'>iter</span> <span class='ocrx_word' id='word_1_56' title='bbox 1041 1043 1075 1107; x_wconf 94' lang='lat' dir='ltr'>in</span> <span class='ocrx_word' id='word_1_57' title='bbox 1104 1044 1229 1128; x_wconf 89' lang='lat' dir='ltr'>provin-</span> <span class='ocrx_word' id='word_1_58' title='bbox 1246 1065 1269 1113; x_wconf 78' lang='lat' dir='ltr'>a</span> 
     </span>
     <span class='ocr_line' id='line_1_9' title="bbox 190 1145 1227 1230; baseline 0.001 -18"><span class='ocrx_word' id='word_1_59' title='bbox 190 1148 273 1212; x_wconf 91' lang='lat' dir='ltr'>ciam</span> <span class='ocrx_word' id='word_1_60' title='bbox 295 1151 501 1228; x_wconf 86' lang='lat' dir='ltr'>converteret,</span> <span class='ocrx_word' id='word_1_61' title='bbox 523 1153 644 1212; x_wconf 89' lang='lat' dir='ltr'>utnon</span> <span class='ocrx_word' id='word_1_62' title='bbox 675 1166 769 1214; x_wconf 89' lang='lat' dir='ltr'>nemo</span> <span class='ocrx_word' id='word_1_63' title='bbox 800 1152 867 1211; x_wconf 86' lang='lat' dir='ltr'>turn</span> <span class='ocrx_word' id='word_1_64' title='bbox 894 1145 1021 1230; x_wconf 91' lang='lat' dir='ltr'>quidem</span> <span class='ocrx_word' id='word_1_65' title='bbox 1050 1147 1227 1212; x_wconf 87' lang='lat' dir='ltr'>necessario</span> 
     </span>
     <span class='ocr_line' id='line_1_10' title="bbox 143 1248 1228 1333; baseline -0.002 -17"><span class='ocrx_word' id='word_1_66' title='bbox 143 1262 148 1302; x_wconf 55' lang='grc' dir='ltr'>ἑ</span> <span class='ocrx_word' id='word_1_67' title='bbox 189 1248 371 1316; x_wconf 83' lang='lat' dir='ltr'>laciendum</span> <span class='ocrx_word' id='word_1_68' title='bbox 394 1249 606 1330; x_wconf 84' lang='lat' dir='ltr'>existimabat,</span> <span class='ocrx_word' id='word_1_69' title='bbox 631 1269 704 1314; x_wconf 92' lang='lat' dir='ltr'>cum</span> <span class='ocrx_word' id='word_1_70' title='bbox 725 1248 858 1314; x_wconf 86' lang='lat' dir='ltr'>infamia</span> <span class='ocrx_word' id='word_1_71' title='bbox 877 1255 972 1332; x_wconf 88' lang='lat' dir='ltr'>atque</span> <span class='ocrx_word' id='word_1_72' title='bbox 993 1248 1168 1333; x_wconf 83' lang='lat' dir='ltr'>indignitas</span> <span class='ocrx_word' id='word_1_73' title='bbox 1181 1249 1228 1314; x_wconf 89' lang='lat' dir='ltr'>rei</span> 
     </span>
     <span class='ocr_line' id='line_1_11' title="bbox 190 1351 1227 1438; baseline 0 -20"><span class='ocrx_word' id='word_1_74' title='bbox 190 1360 222 1418; x_wconf 92' lang='lat' dir='ltr'>et</span> <span class='ocrx_word' id='word_1_75' title='bbox 245 1351 406 1438; x_wconf 91' lang='lat' dir='ltr'>oppositus</span> <span class='ocrx_word' id='word_1_76' title='bbox 429 1372 520 1418; x_wconf 91' lang='lat' dir='ltr'>mons</span> <span class='ocrx_word' id='word_1_77' title='bbox 543 1353 694 1418; x_wconf 82' lang='lat' dir='ltr'>Cevenna</span> <span class='ocrx_word' id='word_1_78' title='bbox 716 1352 902 1434; x_wconf 87' lang='lat' dir='ltr'>viarumque</span> <span class='ocrx_word' id='word_1_79' title='bbox 932 1351 1103 1418; x_wconf 86' lang='lat' dir='ltr'>difficultas</span> <span class='ocrx_word' id='word_1_80' title='bbox 1132 1353 1227 1437; x_wconf 92' lang='lat' dir='ltr'>impe·</span> 
     </span>
     <span class='ocr_line' id='line_1_12' title="bbox 189 1454 1228 1540; baseline 0.001 -20"><span class='ocrx_word' id='word_1_81' title='bbox 189 1456 307 1540; x_wconf 83' lang='lat' dir='ltr'>dicbat,</span> <span class='ocrx_word' id='word_1_82' title='bbox 337 1460 405 1519; x_wconf 87' lang='lat' dir='ltr'>turn</span> <span class='ocrx_word' id='word_1_83' title='bbox 434 1454 583 1536; x_wconf 84' lang='lat' dir='ltr'>maxime,</span> <span class='ocrx_word' id='word_1_84' title='bbox 616 1454 699 1537; x_wconf 91' lang='lat' dir='ltr'>quod</span> <span class='ocrx_word' id='word_1_85' title='bbox 728 1455 877 1521; x_wconf 88' lang='lat' dir='ltr'>abiuncto</span> <span class='ocrx_word' id='word_1_86' title='bbox 900 1455 1042 1520; x_wconf 88' lang='lat' dir='ltr'>Labieno</span> <span class='ocrx_word' id='word_1_87' title='bbox 1071 1461 1168 1538; x_wconf 87' lang='lat' dir='ltr'>atque</span> <span class='ocrx_word' id='word_1_88' title='bbox 1188 1456 1228 1522; x_wconf 91' lang='lat' dir='ltr'>iis</span> 
     </span>
     <span class='ocr_line' id='line_1_13' title="bbox 189 1558 1260 1644; baseline 0.001 -19"><span class='ocrx_word' id='word_1_89' title='bbox 189 1558 376 1644; x_wconf 82' lang='lat' dir='ltr'>legionibus,</span> <span class='ocrx_word' id='word_1_90' title='bbox 400 1578 478 1641; x_wconf 90' lang='lat' dir='ltr'>quas</span> <span class='ocrx_word' id='word_1_91' title='bbox 500 1579 565 1624; x_wconf 90' lang='lat' dir='ltr'>una</span> <span class='ocrx_word' id='word_1_92' title='bbox 591 1559 729 1640; x_wconf 85' lang='lat' dir='ltr'>miserat,</span> <span class='ocrx_word' id='word_1_93' title='bbox 752 1558 957 1624; x_wconf 88' lang='lat' dir='ltr'>vehementer</span> <span class='ocrx_word' id='word_1_94' title='bbox 987 1559 1127 1625; x_wconf 89' lang='lat' dir='ltr'>timebat.</span> <span class='ocrx_word' id='word_1_95' title='bbox 1172 1560 1260 1626; x_wconf 83' lang='lat' dir='ltr'>itae</span> 
     </span>
     <span class='ocr_line' id='line_1_14' title="bbox 171 1661 1276 1746; baseline 0.002 -20"><span class='ocrx_word' id='word_1_96' title='bbox 171 1683 252 1746; x_wconf 63' lang='lat' dir='ltr'>,que</span> <span class='ocrx_word' id='word_1_97' title='bbox 284 1661 455 1727; x_wconf 90' lang='lat' dir='ltr'>admodum</span> <span class='ocrx_word' id='word_1_98' title='bbox 488 1662 613 1746; x_wconf 89' lang='lat' dir='ltr'>magnis</span> <span class='ocrx_word' id='word_1_99' title='bbox 647 1661 768 1726; x_wconf 91' lang='lat' dir='ltr'>diurnis</span> <span class='ocrx_word' id='word_1_100' title='bbox 801 1663 1025 1745; x_wconf 88' lang='lat' dir='ltr'>nocturnisque</span> <span class='ocrx_word' id='word_1_101' title='bbox 1061 1662 1226 1728; x_wconf 85' lang='lat' dir='ltr'>itineribus</span> <span class='ocrx_word' id='word_1_102' title='bbox 1274 1689 1276 1694; x_wconf 89' lang='lat'><em>·</em></span> 
     </span>
     <span class='ocr_line' id='line_1_15' title="bbox 189 1763 1226 1849; baseline -0.001 -18"><span class='ocrx_word' id='word_1_103' title='bbox 189 1765 341 1832; x_wconf 86' lang='lat' dir='ltr'>confectis</span> <span class='ocrx_word' id='word_1_104' title='bbox 371 1771 480 1830; x_wconf 87' lang='lat' dir='ltr'>eontra</span> <span class='ocrx_word' id='word_1_105' title='bbox 511 1765 650 1830; x_wconf 92' lang='lat' dir='ltr'>omnium</span> <span class='ocrx_word' id='word_1_106' title='bbox 680 1765 860 1849; x_wconf 90' lang='lat' dir='ltr'>opinionem</span> <span class='ocrx_word' id='word_1_107' title='bbox 889 1763 932 1829; x_wconf 86' lang='lat' dir='ltr'>ad</span> <span class='ocrx_word' id='word_1_108' title='bbox 960 1765 1108 1849; x_wconf 83' lang='lat' dir='ltr'>Ligerem</span> <span class='ocrx_word' id='word_1_109' title='bbox 1138 1765 1226 1830; x_wconf 90' lang='lat' dir='ltr'>venit</span> 
     </span>
     <span class='ocr_line' id='line_1_16' title="bbox 140 1867 1224 1962; baseline -0.002 -28"><span class='ocrx_word' id='word_1_110' title='bbox 140 1917 143 1962; x_wconf 88' lang='lat'><strong>:</strong></span> <span class='ocrx_word' id='word_1_111' title='bbox 188 1868 335 1951; x_wconf 88' lang='lat' dir='ltr'>vadoque</span> <span class='ocrx_word' id='word_1_112' title='bbox 363 1887 421 1953; x_wconf 88' lang='lat' dir='ltr'>per</span> <span class='ocrx_word' id='word_1_113' title='bbox 451 1867 573 1951; x_wconf 90' lang='lat' dir='ltr'>equites</span> <span class='ocrx_word' id='word_1_114' title='bbox 594 1867 724 1932; x_wconf 88' lang='lat' dir='ltr'>invento</span> <span class='ocrx_word' id='word_1_115' title='bbox 752 1887 809 1952; x_wconf 90' lang='lat' dir='ltr'>pro</span> <span class='ocrx_word' id='word_1_116' title='bbox 835 1867 882 1932; x_wconf 91' lang='lat' dir='ltr'>rei</span> <span class='ocrx_word' id='word_1_117' title='bbox 904 1867 1093 1933; x_wconf 84' lang='lat' dir='ltr'>necessitate</span> <span class='ocrx_word' id='word_1_118' title='bbox 1115 1887 1224 1953; x_wconf 91' lang='lat' dir='ltr'>oppor-</span> 
     </span>
     <span class='ocr_line' id='line_1_17' title="bbox 188 1969 1260 2056; baseline 0.004 -20"><span class='ocrx_word' id='word_1_119' title='bbox 188 1979 275 2056; x_wconf 84' lang='lat' dir='ltr'>tuno,</span> <span class='ocrx_word' id='word_1_120' title='bbox 298 1977 333 2036; x_wconf 90' lang='lat' dir='ltr'>ut</span> <span class='ocrx_word' id='word_1_121' title='bbox 354 1971 485 2037; x_wconf 87' lang='lat' dir='ltr'>brachia</span> <span class='ocrx_word' id='word_1_122' title='bbox 506 1969 599 2036; x_wconf 91' lang='lat' dir='ltr'>modo</span> <span class='ocrx_word' id='word_1_123' title='bbox 621 1976 717 2054; x_wconf 90' lang='lat' dir='ltr'>atque</span> <span class='ocrx_word' id='word_1_124' title='bbox 738 1970 861 2036; x_wconf 89' lang='lat' dir='ltr'>humeri</span> <span class='ocrx_word' id='word_1_125' title='bbox 875 1970 917 2034; x_wconf 92' lang='lat' dir='ltr'>ad</span> <span class='ocrx_word' id='word_1_126' title='bbox 939 1971 1124 2036; x_wconf 89' lang='lat' dir='ltr'>sustinenda</span> <span class='ocrx_word' id='word_1_127' title='bbox 1138 1992 1226 2036; x_wconf 90' lang='lat' dir='ltr'>arma</span> <span class='ocrx_word' id='word_1_128' title='bbox 1243 1993 1260 2040; x_wconf 77' lang='lat' dir='ltr'>r</span> 
     </span>
     <span class='ocr_line' id='line_1_18' title="bbox 188 2073 1225 2158; baseline -0.002 -18"><span class='ocrx_word' id='word_1_129' title='bbox 188 2074 279 2142; x_wconf 89' lang='lat' dir='ltr'>liberi</span> <span class='ocrx_word' id='word_1_130' title='bbox 301 2075 342 2138; x_wconf 90' lang='lat' dir='ltr'>ab</span> <span class='ocrx_word' id='word_1_131' title='bbox 366 2094 449 2156; x_wconf 91' lang='lat' dir='ltr'>aqua</span> <span class='ocrx_word' id='word_1_132' title='bbox 471 2093 542 2140; x_wconf 90' lang='lat' dir='ltr'>esse</span> <span class='ocrx_word' id='word_1_133' title='bbox 563 2080 702 2158; x_wconf 88' lang='lat' dir='ltr'>possent,</span> <span class='ocrx_word' id='word_1_134' title='bbox 726 2073 877 2157; x_wconf 90' lang='lat' dir='ltr'>disposito</span> <span class='ocrx_word' id='word_1_135' title='bbox 901 2074 1051 2158; x_wconf 87' lang='lat' dir='ltr'>equitatu,</span> <span class='ocrx_word' id='word_1_136' title='bbox 1084 2075 1144 2156; x_wconf 77' lang='lat' dir='ltr'>qui,</span> <span class='ocrx_word' id='word_1_137' title='bbox 1159 2075 1225 2138; x_wconf 92' lang='lat' dir='ltr'>vim</span> 
     </span>
     <span class='ocr_line' id='line_1_19' title="bbox 187 2176 1259 2262; baseline 0.003 -19"><span class='ocrx_word' id='word_1_138' title='bbox 187 2177 335 2262; x_wconf 89' lang='lat' dir='ltr'>fluminis</span> <span class='ocrx_word' id='word_1_139' title='bbox 356 2177 553 2261; x_wconf 86' lang='lat' dir='ltr'>refringeret,</span> <span class='ocrx_word' id='word_1_140' title='bbox 584 2183 679 2260; x_wconf 89' lang='lat' dir='ltr'>atque</span> <span class='ocrx_word' id='word_1_141' title='bbox 709 2176 852 2242; x_wconf 87' lang='lat' dir='ltr'>hostibus</span> <span class='ocrx_word' id='word_1_142' title='bbox 881 2177 983 2262; x_wconf 89' lang='lat' dir='ltr'>primo</span> <span class='ocrx_word' id='word_1_143' title='bbox 1005 2183 1136 2262; x_wconf 92' lang='lat' dir='ltr'>aspectu</span> <span class='ocrx_word' id='word_1_144' title='bbox 1157 2197 1259 2262; x_wconf 78' lang='lat' dir='ltr'>per-5</span> 
     </span>
     <span class='ocr_line' id='line_1_20' title="bbox 115 2268 1225 2364; baseline 0.004 -22"><span class='ocrx_word' id='word_1_145' title='bbox 115 2339 116 2342; x_wconf 74' lang='grc'>,</span> <span class='ocrx_word' id='word_1_146' title='bbox 189 2268 532 2347; x_wconf 64' lang='lat' dir='ltr'>turbatis&#39;incclumem</span> <span class='ocrx_word' id='word_1_147' title='bbox 555 2280 728 2346; x_wconf 85' lang='lat' dir='ltr'>exercitum</span> <span class='ocrx_word' id='word_1_148' title='bbox 743 2279 893 2364; x_wconf 84' lang='lat' dir='ltr'>traduxit,</span> <span class='ocrx_word' id='word_1_149' title='bbox 916 2279 1170 2362; x_wconf 87' lang='lat' dir='ltr'>frumentumque</span> <span class='ocrx_word' id='word_1_150' title='bbox 1191 2281 1225 2346; x_wconf 91' lang='lat' dir='ltr'>in</span> 
     </span>
     <span class='ocr_line' id='line_1_21' title="bbox 187 2375 1296 2468; baseline 0 -20"><span class='ocrx_word' id='word_1_151' title='bbox 187 2384 273 2468; x_wconf 86' lang='lat' dir='ltr'>agris</span> <span class='ocrx_word' id='word_1_152' title='bbox 295 2389 327 2448; x_wconf 94' lang='lat' dir='ltr'>et</span> <span class='ocrx_word' id='word_1_153' title='bbox 348 2384 471 2468; x_wconf 87' lang='lat' dir='ltr'>pecoris</span> <span class='ocrx_word' id='word_1_154' title='bbox 494 2383 618 2467; x_wconf 91' lang='lat' dir='ltr'>copiam</span> <span class='ocrx_word' id='word_1_155' title='bbox 640 2389 754 2450; x_wconf 89' lang='lat' dir='ltr'>nactus</span> <span class='ocrx_word' id='word_1_156' title='bbox 773 2383 894 2468; x_wconf 90' lang='lat' dir='ltr'>repleto</span> <span class='ocrx_word' id='word_1_157' title='bbox 909 2383 959 2448; x_wconf 94' lang='lat' dir='ltr'>his</span> <span class='ocrx_word' id='word_1_158' title='bbox 974 2385 1068 2449; x_wconf 90' lang='lat' dir='ltr'>rebus</span> <span class='ocrx_word' id='word_1_159' title='bbox 1084 2384 1224 2449; x_wconf 86' lang='lat' dir='ltr'>exercitu</span> <span class='ocrx_word' id='word_1_160' title='bbox 1293 2375 1296 2382; x_wconf 74' lang='grc'>’</span> 
     </span>
     <span class='ocr_line' id='line_1_22' title="bbox 187 2487 761 2554; baseline -0.002 -1"><span class='ocrx_word' id='word_1_161' title='bbox 187 2489 247 2553; x_wconf 88' lang='lat' dir='ltr'>iter</span> <span class='ocrx_word' id='word_1_162' title='bbox 268 2489 302 2552; x_wconf 91' lang='lat' dir='ltr'>in</span> <span class='ocrx_word' id='word_1_163' title='bbox 325 2487 467 2554; x_wconf 86' lang='lat' dir='ltr'>Senones</span> <span class='ocrx_word' id='word_1_164' title='bbox 490 2487 596 2552; x_wconf 85' lang='lat' dir='ltr'>facere</span> <span class='ocrx_word' id='word_1_165' title='bbox 617 2487 761 2552; x_wconf 91' lang='lat' dir='ltr'>instituit.</span> 
     </span>
    </p>

    <p class='ocr_par' dir='ltr' id='par_1_4' title="bbox 184 2588 1256 3398">
     <span class='ocr_line' id='line_1_23' title="bbox 291 2588 1256 2673; baseline 0.001 -17"><span class='ocrx_word' id='word_1_166' title='bbox 291 2591 388 2656; x_wconf 90' lang='lat' dir='ltr'>LVII.</span> <span class='ocrx_word' id='word_1_167' title='bbox 423 2591 508 2655; x_wconf 92' lang='lat' dir='ltr'>Dum</span> <span class='ocrx_word' id='word_1_168' title='bbox 529 2588 610 2654; x_wconf 88' lang='lat' dir='ltr'>haec</span> <span class='ocrx_word' id='word_1_169' title='bbox 631 2589 717 2673; x_wconf 91' lang='lat' dir='ltr'>apud</span> <span class='ocrx_word' id='word_1_170' title='bbox 741 2589 909 2654; x_wconf 79' lang='lat' dir='ltr'>Gaesarem</span> <span class='ocrx_word' id='word_1_171' title='bbox 931 2597 1091 2672; x_wconf 89' lang='lat' dir='ltr'>geruntur,</span> <span class='ocrx_word' id='word_1_172' title='bbox 1114 2590 1256 2657; x_wconf 87' lang='lat' dir='ltr'>Labie-1</span> 
     </span>
     <span class='ocr_line' id='line_1_24' title="bbox 187 2691 1224 2778; baseline -0.005 -16"><span class='ocrx_word' id='word_1_173' title='bbox 187 2717 248 2762; x_wconf 90' lang='lat' dir='ltr'>nus</span> <span class='ocrx_word' id='word_1_174' title='bbox 270 2713 308 2760; x_wconf 91' lang='lat' dir='ltr'>eo</span> <span class='ocrx_word' id='word_1_175' title='bbox 330 2693 561 2778; x_wconf 90' lang='lat' dir='ltr'>supplemento,</span> <span class='ocrx_word' id='word_1_176' title='bbox 584 2691 669 2775; x_wconf 93' lang='lat' dir='ltr'>quod</span> <span class='ocrx_word' id='word_1_177' title='bbox 697 2711 798 2775; x_wconf 90' lang='lat' dir='ltr'>nuper</span> <span class='ocrx_word' id='word_1_178' title='bbox 829 2711 870 2756; x_wconf 88' lang='lat' dir='ltr'>ex</span> <span class='ocrx_word' id='word_1_179' title='bbox 892 2691 986 2755; x_wconf 89' lang='lat' dir='ltr'>ltalia</span> <span class='ocrx_word' id='word_1_180' title='bbox 1007 2698 1148 2775; x_wconf 91' lang='lat' dir='ltr'>venerat,</span> <span class='ocrx_word' id='word_1_181' title='bbox 1177 2712 1224 2757; x_wconf 92' lang='lat' dir='ltr'>re-</span> 
     </span>
     <span class='ocr_line' id='line_1_25' title="bbox 186 2792 1223 2880; baseline -0.004 -16"><span class='ocrx_word' id='word_1_182' title='bbox 186 2801 261 2864; x_wconf 89' lang='lat' dir='ltr'>licto</span> <span class='ocrx_word' id='word_1_183' title='bbox 290 2796 465 2880; x_wconf 87' lang='lat' dir='ltr'>Agedinci,</span> <span class='ocrx_word' id='word_1_184' title='bbox 498 2801 534 2860; x_wconf 92' lang='lat' dir='ltr'>ut</span> <span class='ocrx_word' id='word_1_185' title='bbox 567 2802 651 2860; x_wconf 79' lang='lat' dir='ltr'>esset</span> <span class='ocrx_word' id='word_1_186' title='bbox 683 2793 917 2879; x_wconf 90' lang='lat' dir='ltr'>impedimentis</span> <span class='ocrx_word' id='word_1_187' title='bbox 950 2792 1117 2878; x_wconf 87' lang='lat' dir='ltr'>praesidio,</span> <span class='ocrx_word' id='word_1_188' title='bbox 1152 2814 1223 2860; x_wconf 91' lang='lat' dir='ltr'>cum</span> 
     </span>
     <span class='ocr_line' id='line_1_26' title="bbox 187 2895 1223 2986; baseline -0.004 -20"><span class='ocrx_word' id='word_1_189' title='bbox 187 2907 333 2986; x_wconf 88' lang='lat' dir='ltr'>quattuor</span> <span class='ocrx_word' id='word_1_190' title='bbox 354 2899 533 2982; x_wconf 88' lang='lat' dir='ltr'>legionibus</span> <span class='ocrx_word' id='word_1_191' title='bbox 555 2898 713 2963; x_wconf 89' lang='lat' dir='ltr'>Lutetiam</span> <span class='ocrx_word' id='word_1_192' title='bbox 735 2897 951 2982; x_wconf 87' lang='lat' dir='ltr'>proficiscitur.</span> <span class='ocrx_word' id='word_1_193' title='bbox 996 2895 1032 2960; x_wconf 93' lang='lat' dir='ltr'>id</span> <span class='ocrx_word' id='word_1_194' title='bbox 1060 2903 1119 2962; x_wconf 92' lang='lat' dir='ltr'>est.</span> <span class='ocrx_word' id='word_1_195' title='bbox 1137 2899 1223 2982; x_wconf 89' lang='lat' dir='ltr'>oppi-</span> 
     </span>
     <span class='ocr_line' id='line_1_27' title="bbox 186 2999 1223 3086; baseline -0.004 -16"><span class='ocrx_word' id='word_1_196' title='bbox 186 3005 262 3070; x_wconf 91' lang='lat' dir='ltr'>dum</span> <span class='ocrx_word' id='word_1_197' title='bbox 291 3003 492 3085; x_wconf 88' lang='lat' dir='ltr'>Parisiorum,</span> <span class='ocrx_word' id='word_1_198' title='bbox 523 3000 607 3084; x_wconf 90' lang='lat' dir='ltr'>quod</span> <span class='ocrx_word' id='word_1_199' title='bbox 636 3001 772 3086; x_wconf 89' lang='lat' dir='ltr'>positum</span> <span class='ocrx_word' id='word_1_200' title='bbox 803 3006 851 3066; x_wconf 91' lang='lat' dir='ltr'>est</span> <span class='ocrx_word' id='word_1_201' title='bbox 883 3000 916 3064; x_wconf 92' lang='lat' dir='ltr'>in</span> <span class='ocrx_word' id='word_1_202' title='bbox 949 2999 1053 3064; x_wconf 91' lang='lat' dir='ltr'>insula</span> <span class='ocrx_word' id='word_1_203' title='bbox 1085 2999 1223 3066; x_wconf 88' lang='lat' dir='ltr'>fluminis</span> 
     </span>
     <span class='ocr_line' id='line_1_28' title="bbox 185 3103 1254 3190; baseline -0.004 -15"><span class='ocrx_word' id='word_1_204' title='bbox 185 3110 362 3190; x_wconf 88' lang='lat' dir='ltr'>Sequanae.</span> <span class='ocrx_word' id='word_1_205' title='bbox 408 3105 496 3170; x_wconf 90' lang='lat' dir='ltr'>cuius</span> <span class='ocrx_word' id='word_1_206' title='bbox 518 3103 660 3170; x_wconf 88' lang='lat' dir='ltr'>adventu</span> <span class='ocrx_word' id='word_1_207' title='bbox 689 3105 730 3169; x_wconf 91' lang='lat' dir='ltr'>ab</span> <span class='ocrx_word' id='word_1_208' title='bbox 760 3103 902 3168; x_wconf 89' lang='lat' dir='ltr'>hostibus</span> <span class='ocrx_word' id='word_1_209' title='bbox 932 3103 1057 3186; x_wconf 89' lang='lat' dir='ltr'>cognito</span> <span class='ocrx_word' id='word_1_210' title='bbox 1086 3123 1254 3186; x_wconf 82' lang='lat' dir='ltr'>magnaoa</span> 
     </span>
     <span class='ocr_line' id='line_1_29' title="bbox 185 3205 1254 3291; baseline 0 -16"><span class='ocrx_word' id='word_1_211' title='bbox 185 3231 227 3276; x_wconf 88' lang='lat' dir='ltr'>ex</span> <span class='ocrx_word' id='word_1_212' title='bbox 249 3208 392 3274; x_wconf 90' lang='lat' dir='ltr'>finitimis</span> <span class='ocrx_word' id='word_1_213' title='bbox 415 3207 596 3272; x_wconf 88' lang='lat' dir='ltr'>civitatibus</span> <span class='ocrx_word' id='word_1_214' title='bbox 619 3205 729 3291; x_wconf 88' lang='lat' dir='ltr'>copiae</span> <span class='ocrx_word' id='word_1_215' title='bbox 752 3211 976 3272; x_wconf 87' lang='lat' dir='ltr'>convenerunt.</span> <span class='ocrx_word' id='word_1_216' title='bbox 1004 3225 1145 3272; x_wconf 57' lang='lat' dir='ltr'>,summa</span> <span class='ocrx_word' id='word_1_217' title='bbox 1166 3207 1254 3276; x_wconf 85' lang='lat' dir='ltr'>ime</span> 
     </span>
     <span class='ocr_line' id='line_1_30' title="bbox 184 3309 1221 3398; baseline -0.004 -18"><span class='ocrx_word' id='word_1_218' title='bbox 184 3314 265 3398; x_wconf 90' lang='lat' dir='ltr'>perii</span> <span class='ocrx_word' id='word_1_219' title='bbox 286 3311 420 3377; x_wconf 87' lang='lat' dir='ltr'>traditur</span> <span class='ocrx_word' id='word_1_220' title='bbox 443 3311 656 3394; x_wconf 78' lang='lat' dir='ltr'>Camulogeno</span> <span class='ocrx_word' id='word_1_221' title='bbox 678 3309 821 3392; x_wconf 89' lang='lat' dir='ltr'>Aulerco,</span> <span class='ocrx_word' id='word_1_222' title='bbox 850 3309 904 3391; x_wconf 90' lang='lat' dir='ltr'>qui</span> <span class='ocrx_word' id='word_1_223' title='bbox 932 3328 1030 3394; x_wconf 91' lang='lat' dir='ltr'>prope</span> <span class='ocrx_word' id='word_1_224' title='bbox 1060 3309 1221 3376; x_wconf 85' lang='lat' dir='ltr'>confectus</span> 
     </span>
    </p>
   </div>
   <div class='ocr_carea' id='block_1_3' title="bbox 68 3411 1220 3498">
    <p class='ocr_par' dir='ltr' id='par_1_5' title="bbox 68 3411 1220 3498">
     <span class='ocr_line' id='line_1_31' title="bbox 68 3411 1220 3498; baseline -0.004 -15"><span class='ocrx_word' id='word_1_225' title='bbox 68 3485 69 3492; x_wconf 43' lang='lat'>,</span> <span class='ocrx_word' id='word_1_226' title='bbox 183 3422 289 3482; x_wconf 88' lang='lat' dir='ltr'>aetate</span> <span class='ocrx_word' id='word_1_227' title='bbox 312 3421 418 3479; x_wconf 90' lang='lat' dir='ltr'>tamen</span> <span class='ocrx_word' id='word_1_228' title='bbox 440 3418 567 3498; x_wconf 90' lang='lat' dir='ltr'>propter</span> <span class='ocrx_word' id='word_1_229' title='bbox 590 3412 781 3496; x_wconf 85' lang='lat' dir='ltr'>singularem</span> <span class='ocrx_word' id='word_1_230' title='bbox 808 3411 973 3476; x_wconf 90' lang='lat' dir='ltr'>scientiam</span> <span class='ocrx_word' id='word_1_231' title='bbox 1003 3411 1048 3476; x_wconf 90' lang='lat' dir='ltr'>rei</span> <span class='ocrx_word' id='word_1_232' title='bbox 1077 3413 1220 3478; x_wconf 87' lang='lat' dir='ltr'>militaris</span> 
     </span>
    </p>
   </div>
   <div class='ocr_carea' id='block_1_4' title="bbox 182 3514 1254 3908">
    <p class='ocr_par' dir='ltr' id='par_1_6' title="bbox 182 3514 1254 3908">
     <span class='ocr_line' id='line_1_32' title="bbox 182 3514 1254 3586; baseline -0.008 0"><span class='ocrx_word' id='word_1_233' title='bbox 182 3518 225 3586; x_wconf 89' lang='lat' dir='ltr'>ad</span> <span class='ocrx_word' id='word_1_234' title='bbox 248 3539 320 3584; x_wconf 89' lang='lat' dir='ltr'>cum</span> <span class='ocrx_word' id='word_1_235' title='bbox 343 3523 391 3584; x_wconf 89' lang='lat' dir='ltr'>est</span> <span class='ocrx_word' id='word_1_236' title='bbox 413 3516 564 3581; x_wconf 90' lang='lat' dir='ltr'>honorem</span> <span class='ocrx_word' id='word_1_237' title='bbox 587 3521 744 3581; x_wconf 89' lang='lat' dir='ltr'>evocatus.</span> <span class='ocrx_word' id='word_1_238' title='bbox 789 3514 816 3579; x_wconf 89' lang='lat' dir='ltr'>is</span> <span class='ocrx_word' id='word_1_239' title='bbox 846 3534 917 3580; x_wconf 92' lang='lat' dir='ltr'>cum</span> <span class='ocrx_word' id='word_1_240' title='bbox 944 3515 1219 3582; x_wconf 89' lang='lat' dir='ltr'>animadvertisset</span> <span class='ocrx_word' id='word_1_241' title='bbox 1237 3539 1254 3582; x_wconf 75' lang='grc'>4,</span> 
     </span>
     <span class='ocr_line' id='line_1_33' title="bbox 183 3617 1219 3708; baseline -0.007 -19"><span class='ocrx_word' id='word_1_242' title='bbox 183 3628 368 3708; x_wconf 89' lang='lat' dir='ltr'>perpetuam</span> <span class='ocrx_word' id='word_1_243' title='bbox 390 3639 460 3685; x_wconf 89' lang='lat' dir='ltr'>esse</span> <span class='ocrx_word' id='word_1_244' title='bbox 482 3617 639 3703; x_wconf 91' lang='lat' dir='ltr'>paludem,</span> <span class='ocrx_word' id='word_1_245' title='bbox 663 3638 744 3701; x_wconf 91' lang='lat' dir='ltr'>quae</span> <span class='ocrx_word' id='word_1_246' title='bbox 766 3617 911 3682; x_wconf 89' lang='lat' dir='ltr'>influeret</span> <span class='ocrx_word' id='word_1_247' title='bbox 926 3618 960 3683; x_wconf 94' lang='lat' dir='ltr'>in</span> <span class='ocrx_word' id='word_1_248' title='bbox 974 3619 1154 3700; x_wconf 88' lang='lat' dir='ltr'>Sequanam</span> <span class='ocrx_word' id='word_1_249' title='bbox 1175 3623 1219 3682; x_wconf 82' lang='lat' dir='ltr'>at</span> 
     </span>
     <span class='ocr_line' id='line_1_34' title="bbox 183 3720 1220 3809; baseline -0.005 -18"><span class='ocrx_word' id='word_1_250' title='bbox 183 3746 244 3809; x_wconf 91' lang='lat' dir='ltr'>que</span> <span class='ocrx_word' id='word_1_251' title='bbox 266 3725 355 3789; x_wconf 93' lang='lat' dir='ltr'>illum</span> <span class='ocrx_word' id='word_1_252' title='bbox 378 3741 504 3788; x_wconf 91' lang='lat' dir='ltr'>omnem</span> <span class='ocrx_word' id='word_1_253' title='bbox 526 3722 842 3804; x_wconf 86' lang='lat' dir='ltr'>locum&#39;magnopere</span> <span class='ocrx_word' id='word_1_254' title='bbox 864 3720 1039 3804; x_wconf 89' lang='lat' dir='ltr'>impediret,</span> <span class='ocrx_word' id='word_1_255' title='bbox 1070 3720 1122 3786; x_wconf 92' lang='lat' dir='ltr'>hic</span> <span class='ocrx_word' id='word_1_256' title='bbox 1149 3741 1220 3786; x_wconf 82' lang='lat' dir='ltr'>oon-</span> 
     </span>
     <span class='ocr_line' id='line_1_35' title="bbox 182 3823 982 3908; baseline -0.008 -15"><span class='ocrx_word' id='word_1_257' title='bbox 182 3827 264 3893; x_wconf 93' lang='lat' dir='ltr'>sedit</span> <span class='ocrx_word' id='word_1_258' title='bbox 286 3833 471 3908; x_wconf 88' lang='lat' dir='ltr'>nostrosque</span> <span class='ocrx_word' id='word_1_259' title='bbox 494 3823 627 3889; x_wconf 90' lang='lat' dir='ltr'>transitu</span> <span class='ocrx_word' id='word_1_260' title='bbox 649 3823 815 3908; x_wconf 89' lang='lat' dir='ltr'>prohibere</span> <span class='ocrx_word' id='word_1_261' title='bbox 836 3823 982 3889; x_wconf 87' lang='lat' dir='ltr'>instituit.</span> 
     </span>
    </p>
   </div>
   <div class='ocr_carea' id='block_1_5' title="bbox 0 0 1488 4196">
    <p class='ocr_par' dir='ltr' id='par_1_7' title="bbox 0 0 1488 4196">
     <span class='ocr_line' id='line_1_36' title="bbox 0 0 1488 4196; baseline 0 2"><span class='ocrx_word' id='word_1_262' title='bbox 0 0 1488 4196; x_wconf 95' lang='lat' dir='ltr'> </span> 
     </span>
    </p>
   </div>
  </div>
 </body>
</html>
