2960 4192
398 252 505 308 COMM.
517 252 581 307 VII.
600 251 683 306 CAP.
696 250 995 306 LXXVI-LXXVII.
1151 232 1213 294 179

178 426 314 490 uirtutis
336 424 490 488 memoria
511 424 651 487 uidetur.
684 423 789 486 animi
812 433 857 486 est
879 424 945 485 ista
966 421 1118 496 mollitia,
1147 441 1247 490 none

179 531 296 607 uirtus,
315 527 494 614 paulisper
516 526 665 611 inopiam
680 526 778 610 ferre
800 546 864 587 non
875 546 980 610 posse.
1004 526 1061 610 qui
1075 547 1107 587 se
1122 524 1212 588 ultro

181 633 279 696 morti
301 630 449 717 offerant,
464 629 610 715 facilius
626 629 851 713 reperiuntur,
874 649 970 713 quam
992 629 1049 714 qui
1072 627 1212 692 dolorem

176 737 343 822 patienter
358 734 488 820 ferant.
526 743 621 818 atque
648 753 700 817 epo
725 733 807 794 banc
828 732 1018 794 sententiam
1035 731 1246 816 probarent

181 848 365 902 —tantum
387 836 481 922 apucl
501 857 549 898 me
573 835 716 922 clipnitas
733 844 897 920 potest-
918 835 949 898 si
970 835 1099 898 nullam
1116 857 1212 920 prae

178 952 326 1027 terquam
347 941 432 1003 uitae
454 948 583 1002 nostrae
612 939 777 1002 iacturam
799 937 880 1020 fleri
906 938 1062 1018 viderem·
1089 939 1146 1002 sed
1174 940 1246 1007 in'r

177 1043 316 1108 consilio
346 1042 503 1128 capiendo
534 1063 654 1105 omnem
680 1039 827 1105 Galliam
857 1042 1083 1126 respiciamus,
1114 1065 1211 1127 quam

177 1147 226 1211 acl
247 1157 394 1210 nostrum
417 1145 585 1208 auuilium
606 1144 845 1210 concitavimus.
890 1146 973 1230 quid
1002 1146 1085 1208 enim
1114 1147 1245 1216 homi-8

179 1273 258 1314 num
290 1249 425 1312 milibus
459 1247 582 1311 LXXX
608 1269 673 1311 uno
705 1247 770 1312 loco
800 1249 983 1333 interfectis
1009 1251 1210 1335 propinquis

176 1353 487 1439 consanpuineisque
502 1352 622 1414 nostris
639 1351 743 1414 animi
750 1351 831 1435 fore
846 1353 1050 1430 existimatis,
1064 1354 1095 1416 si
1105 1375 1210 1438 paene

180 1459 216 1522 in
238 1457 321 1544 ipsis
344 1454 557 1519 cadaveribus
575 1453 704 1540 proelio
728 1455 891 1518 decertare
913 1457 1082 1542 copentur?
1109 1457 1244 1526 nolites

177 1563 234 1626 bos
256 1569 358 1624 oestro
381 1557 510 1622 aurilio
533 1557 728 1642 easpoliare,
751 1558 809 1642 qui
829 1569 952 1622 nestrae
974 1559 1094 1640 salutis
1109 1582 1209 1624 causo

176 1687 273 1728 suum
290 1660 479 1748 periculum
499 1659 718 1746 nepleaeerunt,
741 1683 797 1724 nec
817 1659 964 1724 stultitia
979 1684 1017 1724 ao
1032 1663 1209 1727 temeritate

178 1777 285 1830 uestra
311 1773 370 1828 aut
392 1763 496 1826 animi
517 1761 738 1826 imbecillitate
759 1785 880 1827 omnem
902 1763 1049 1828 Galliam
1064 1776 1208 1850 proster-

174 1892 254 1933 nere
276 1879 305 1932 et
322 1876 503 1952 perpetuae
524 1867 675 1930 servituti
697 1866 850 1931 subicere.
873 1891 927 1945 an,
949 1869 1035 1953 quael
1057 1869 1102 1932 ad
1124 1869 1208 1932 diem
1227 1891 1262 1939 ιο

177 1995 242 2036 non
271 1980 435 2048 venerunt,
467 1969 506 2033 de
535 1991 645 2034 eorum
665 1969 735 2052 fide
764 1971 1007 2055 constantiaque
1029 1971 1207 2036 dubitatis?

174 2076 260 2162 quid
281 2073 372 2160 erpo?
393 2073 553 2136 Romanos
575 2072 706 2136 inillis
728 2073 943 2138 ulterioribus
971 2075 1206 2140 munitionibus

175 2179 321 2242 animine
342 2198 443 2240 causa
464 2176 582 2239 cotidie
604 2177 746 2240 eaerceri
761 2177 910 2262 putatis?
930 2177 962 2241 si
975 2177 1111 2242 illorum
1124 2202 1206 2242 nun·
1226 2202 1255 2250 11

175 2283 234 2347 tiis
257 2279 444 2363 confirmari
463 2300 529 2342 non
545 2279 681 2365 potestis
703 2280 790 2344 orani
812 2280 909 2346 aditu
928 2293 1131 2368 praescripto,
1154 2285 1205 2347 bis

176 2385 310 2450 utimini
332 2381 476 2460 testibus,
499 2383 769 2468 appropinquare
784 2405 894 2448 eorum
908 2385 1095 2466 aduentum·
1109 2388 1205 2451 cuius

174 2489 227 2554 rei
249 2488 361 2551 timore
383 2485 534 2549 conterriti
556 2484 642 2548 diem
655 2495 836 2571 noctemque
858 2487 894 2550 in
913 2509 1008 2572 opere
1021 2500 1204 2554 vereantur.

172 2591 257 2678 quid
279 2611 352 2676 erpo
373 2588 436 2652 mei
457 2588 590 2651 consilii
612 2588 675 2652 esti
690 2587 816 2674 facere,
839 2589 924 2674 quocl
945 2591 1051 2654 nostri
1066 2593 1203 2656 maiores
1223 2613 1256 2662 12

174 2715 377 2778 nequaquam
405 2691 486 2776 pari
516 2690 597 2754 bello
629 2689 832 2757 Cimbrorum
862 2692 1098 2778 Teutonumque
1116 2693 1203 2778 fece

176 2807 270 2876 runt;
292 2795 409 2880 quiin
431 2793 556 2880 oppida
577 2793 737 2878 compulsi
758 2816 796 2856 ac
814 2793 919 2856 simili
940 2795 1055 2880 inopia
1076 2796 1204 2860 subacti

171 2922 286 2964 eorum
316 2897 518 2982 corporibus,
549 2897 607 2982 qui
629 2906 733 2960 aetate
755 2897 800 2960 acl
822 2895 941 2960 bellum
961 2897 1096 2962 inutiles
1118 2899 1202 2964 cide·

171 3002 307 3079 bantur,
329 3001 431 3064 eitam
453 2999 672 3064 toleraverunt
699 3021 799 3084 neque
824 3021 857 3062 se
887 3000 1030 3064 hostibus
1059 3002 1203 3066 tradide-

174 3115 264 3168 runt.
289 3104 405 3167 vossius
436 3103 486 3166 rei
514 3103 545 3166 si
574 3101 755 3186 enemplum
783 3123 848 3166 non
877 3102 1254 3182 haberemus,tamen1e

127 3290 128 3294 Ἰ
172 3207 338 3270 libertatis
353 3227 453 3270 causa
468 3205 601 3268 institui
616 3215 646 3268 et
664 3204 804 3290 posteris
820 3205 923 3290 procli
944 3206 1201 3292 pulcherrimum

168 3310 366 3374 iuclicnrem.
411 3330 487 3370 nam
509 3307 590 3392 quid
612 3305 669 3370 illi
696 3307 802 3370 simile
833 3307 914 3371 bello
936 3308 1032 3394 fuitl
1061 3311 1200 3398 depopu
1219 3333 1253 3384 u

170 3412 245 3476 lata
271 3411 386 3476 Gallia
409 3410 533 3476 Cimbri
554 3432 732 3496 mapnaque
755 3409 854 3476 illata
876 3410 1061 3478 calamitate
1073 3413 1200 3498 finibus

169 3515 302 3600 quidem
317 3514 439 3578 nostris
455 3513 634 3598 aliquando
649 3523 851 3578 arcesserunt
867 3524 962 3600 atque
983 3515 1070 3580 alias
1094 3526 1200 3582 terras

165 3619 352 3702 petierunt;
374 3617 465 3698 iura,
490 3616 579 3702 lepee,
602 3638 707 3704 apros,
736 3615 915 3680 libertatem
943 3617 1035 3682 nobis
1065 3620 1200 3704 relique·

169 3731 261 3784 runt.
285 3721 428 3784 Romani
441 3741 513 3784 vero
536 3721 616 3806 quid
635 3729 751 3806 petunt
774 3718 872 3784 aliucl
894 3729 954 3784 aut
975 3721 1251 3806 quidvolunt,1e

165 3823 241 3886 nisi
269 3823 400 3886 invidia
429 3823 583 3901 adducti,
613 3845 690 3910 quos
716 3822 815 3910 fama
844 3821 967 3888 nobiles
996 3834 1199 3912 potentesque

997 3929 1044 3978 12*
