2966 4196
240 183 301 246 136
570 198 620 251 DE
637 197 753 253 BELLO
771 197 933 254 GALLICO

235 377 360 455 praeter
388 389 478 455 spem
506 369 670 436 incolumis
699 369 732 434 in
755 375 858 436 castra
885 370 1040 454 pervenit,
1062 389 1137 455 pars
1159 389 1179 434 a
1199 371 1267 436 bar-

235 473 320 538 baris
351 473 563 538 circumventa
591 471 695 556 periit.

205 597 217 642 1
338 576 422 641 XLI.
467 575 616 640 Germani
639 573 807 659 desperata
828 573 1065 660 expugnatione
1094 581 1266 640 castrorum

236 677 320 760 quod
348 684 471 743 nostros
499 678 564 742 iam
593 677 771 743 constitisse
800 677 834 742 in
856 677 1082 742 munitionibus
1104 675 1266 760 videbant,

237 799 308 845 cum
330 800 369 846 ea
390 780 519 865 pracda,
542 800 637 863 quam
659 779 693 845 in
715 779 803 845 silvis
826 779 1046 864 deposuerant,
1074 785 1161 844 trans
1187 777 1268 843 Rhe

204 903 312 951 unum
334 903 405 949 seso
426 889 621 967 receperunt.
667 903 706 948 ao
728 889 833 949 tantus
856 883 916 947 fuit
938 882 1033 947 etiam
1060 888 1132 967 post
1154 880 1268 947 disces-

236 1006 305 1050 sum
327 986 464 1052 hostium
486 993 594 1069 terror,
624 991 660 1050 ut
682 1005 721 1051 ea
745 991 847 1070 nocte,
878 1005 950 1050 cum
972 983 1070 1050 (laius
1091 984 1268 1049 Volusenus

235 1087 349 1153 missus
372 1108 443 1152 cum
466 1088 608 1170 equitatu
629 1086 671 1152 ad
694 1093 796 1153 castra
811 1087 960 1171 venisset,
983 1086 1079 1152 fidem
1101 1107 1165 1151 non
1187 1087 1268 1152 face·

203 1210 219 1258 s
236 1196 285 1255 ret
306 1190 419 1256 adesse
442 1210 514 1256 cum
534 1191 684 1256 incolumi
700 1191 868 1257 Caesarem
888 1190 1037 1256 exercitu.
1068 1190 1115 1255 sic
1129 1190 1268 1256 omnium

236 1293 358 1358 animos
380 1293 474 1358 timor
495 1299 791 1378 praeoccupaverat,
821 1299 857 1358 ut
877 1313 980 1378 paene
1002 1293 1141 1358 alienata
1161 1298 1268 1358 mentc

237 1393 348 1460 deletis
378 1396 523 1461 omnibus
553 1396 651 1480 copiis
683 1397 856 1479 equitatum
887 1415 922 1460 sc
948 1415 990 1461 ex
1012 1396 1089 1478 fuga
1110 1396 1268 1480 recepisse

237 1497 378 1563 dicerent
399 1517 502 1581 neque
523 1498 671 1564 incolumi
694 1499 835 1564 exercitu
851 1498 1025 1564 Germanos
1047 1505 1152 1564 castra
1173 1517 1268 1582 oppu-

204 1620 220 1667 s
237 1606 392 1682 gnaturos
408 1600 506 1667 fuisse
522 1601 757 1666 contenderent.
789 1621 882 1683 quem
897 1601 1041 1665 timorem
1058 1600 1201 1666 Caesaris
1216 1599 1268 1664 ad-

194 1707 197 1714 '
237 1708 351 1768 ventus
372 1704 505 1769 sustulit.
893 1706 896 1709 ’
1058 1779 1061 1783 .
1271 1774 1273 1779 ,

206 1825 218 1872 1
339 1807 440 1880 XLII.
485 1808 643 1873 Reversus
673 1808 735 1892 ille,
767 1813 899 1873 eventus
929 1807 1004 1872 belli
1025 1828 1089 1872 non
1119 1809 1268 1890 ignoraus

236 1929 343 1994 unum,
378 1909 461 1993 quod
494 1911 637 1976 cohortes
671 1931 712 1976 cx
742 1910 877 1977 statione
907 1916 939 1976 et
970 1910 1129 1995 praesidio
1163 1916 1269 1976 essent
1308 1982 1312 1988 ,

237 2012 380 2096 emissae,
404 2019 598 2096 questus-
619 2033 662 2078 nc
683 2013 813 2078 minimo
836 2011 963 2094 quidem
986 2031 1061 2078 casu
1089 2012 1193 2077 locum
1222 2032 1268 2076 re-

204 2134 219 2180 a
237 2113 337 2195 linqui
351 2113 499 2180 debuisse
514 2153 556 2163 -
571 2117 704 2180 multum
718 2114 876 2180 fortunam
894 2115 928 2179 in
947 2114 1113 2198 repentino
1132 2115 1268 2180 hostium

237 2214 377 2280 adventu
406 2217 546 2300 potuisse
574 2216 735 2300 iudicavit,
765 2217 863 2282 multo
894 2219 989 2282 etiam
1015 2217 1162 2302 amplius,
1185 2216 1269 2300 quod

237 2336 340 2403 paene
361 2319 402 2384 ab
425 2319 494 2402 ipso
516 2321 600 2385 vallo
622 2320 783 2405 portisque
806 2326 976 2386 castrorum
1002 2319 1154 2386 barbaros
1182 2340 1269 2385 aver-

204 2419 336 2503 atissct.
382 2440 514 2504 quarum
537 2423 676 2487 omnium
698 2441 802 2488 rerum
824 2423 962 2488 maxime
983 2422 1204 2488 admirandum
1225 2423 1269 2487 vi·

238 2521 380 2604 debatur,
404 2523 488 2607 quod
510 2525 670 2610 Germani,
701 2526 755 2608 qui
777 2546 815 2591 eo
844 2525 974 2591 consilio
995 2525 1142 2590 Rhenum
1171 2532 1269 2592 traus-

237 2624 348 2707 ierant‚
381 2632 416 2690 ut
448 2627 639 2710 Ambiorigis
672 2627 752 2694 fines
785 2627 1067 2722 depopularentur,
1092 2627 1135 2692 ad
1158 2633 1269 2693 ¹eastra

237 2728 448 2796 Romanorum
481 2729 578 2796 delati
611 2731 842 2815 optatissimum
871 2729 1047 2813 Ambiorigi
1081 2729 1268 2794 beneficium

237 2831 425 2897 obtulerunt.
891 2917 893 2921 Ι

206 2954 218 3000 1
340 2935 457 3000 XLIII.
504 2936 621 3002 Oacsar
642 2955 750 3002 rursus
771 2935 813 3000 ad
835 2935 1000 3001 vexandos
1022 2936 1129 3002 hostes
1151 2934 1270 3020 profec

237 3041 288 3101 tus
310 3057 425 3120 magno
448 3044 557 3104 coacto
575 3039 720 3121 'equitum
743 3058 872 3104 numero
902 3059 943 3103 ex
972 3039 1115 3104 finitimis
1138 3037 1269 3104 civitati-

203 3139 297 3206 abus
318 3139 352 3203 in
375 3159 485 3205 omnes
506 3147 613 3224 partes
635 3140 771 3205 dimittit.
817 3161 926 3206 omnes
948 3141 1011 3206 vici
1040 3146 1135 3224 atque
1164 3139 1270 3206 omnia

237 3239 390 3324 aedificia,
403 3261 484 3324 quac
496 3243 627 3326 quisque
640 3250 856 3328 conspexerat,
872 3242 1136 3328 incendebantur,
1152 3241 1271 3327 praeda

204 3363 280 3412 aex
302 3344 447 3410 omnibus
469 3345 546 3411 locis
568 3346 735 3431 agebatur,
758 3347 916 3412 frumenta
937 3365 1001 3412 non
1024 3345 1124 3411 solum
1146 3351 1270 3410 atanta

238 3445 439 3512 multitudine
460 3447 670 3515 iumentorum
692 3456 787 3533 atque
809 3449 970 3515 hominum
993 3448 1268 3528 consumebantur,
1374 3448 1377 3454 '

237 3548 295 3616 sed
317 3549 412 3616 etiam
426 3551 502 3615 anni
517 3557 657 3636 tempore
672 3558 766 3635 atque
787 3552 940 3619 imbribus
961 3552 1202 3637 procubuerant,
1224 3554 1268 3630 ut,

238 3651 266 3716 si
295 3651 348 3733 qui
378 3653 472 3718 etiam
502 3653 535 3718 in
565 3656 746 3738 praesentia
775 3675 810 3721 se
838 3656 1056 3738 occultassent,
1086 3660 1193 3718 tamen
1219 3650 1269 3718 his

239 3752 374 3820 deducto
397 3756 537 3821 exercitu
559 3775 663 3822 rerum
685 3757 824 3822 omnium
846 3757 954 3841 inopia
974 3755 1170 3841 pereundum
1185 3751 1270 3819 vide
