2966 4196
251 225 252 229 ¹
286 226 328 290 82
622 241 672 296 ΒΕ
689 240 805 296 BELLO
824 240 980 296 GALLIGO

251 415 414 498 aandgae
440 412 565 477 interim
591 412 744 497 paulatim
767 431 808 477 ex
834 413 953 497 proelio
975 413 1135 480 excedunt
1156 421 1251 499 atque
1272 416 1317 482 ita

286 535 393 582 currus
408 516 570 599 collocant,
593 520 637 599 ut,
661 515 688 580 si
707 515 753 580 illi
774 514 1007 581 amurltitudine
1022 517 1159 583 hostium
1174 539 1316 602 preman-

251 625 344 703 atur,
369 618 552 704 expeditum
577 617 620 683 ad
646 637 719 684 suos
745 624 907 703 receptum
933 618 1082 685 habeant.
1127 621 1173 686 ita
1198 622 1316 687 mobili·

286 728 383 787 tatem
403 722 551 805 equitum,
568 721 772 787 stabilitatem
791 720 935 805 peditum
951 722 983 786 in
1003 722 1129 806 proeliis
1144 731 1315 808 praestant,

285 844 324 890 ao
345 830 467 890 tantum
488 843 548 889 usu
571 823 728 890 cotidiano
751 829 783 889 ct
802 823 1027 889 exercitatione
1043 825 1192 909 efficiunt,
1214 827 1262 890 uti
1283 827 1316 892 in

286 927 400 994 declivi
433 948 472 993 ac
503 927 669 1012 praecipiti
701 927 769 992 loco
799 926 945 992 incitatos
975 948 1072 1011 equos
1101 930 1255 994 sustinere
1285 936 1317 994 et

285 1031 374 1097 brevi
396 1031 552 1096 moderari
573 1050 612 1095 ac
632 1029 760 1096 flectere
783 1035 814 1094 et
836 1049 893 1114 per
906 1035 1065 1096 temonem
1083 1051 1263 1116 percurrere
1285 1037 1317 1097 et

284 1135 318 1199 in
344 1134 418 1218 iugo
444 1134 589 1199 insistere
611 1138 643 1198 et
665 1152 700 1198 se
722 1132 796 1198 inde
818 1133 852 1197 in
875 1152 982 1198 currus
1006 1134 1155 1199 citissime
1176 1133 1316 1218 recipere

286 1237 474 1302 consuerint.

253 1360 267 1406 r
388 1339 538 1404 XXXIV.
569 1336 692 1415 Quibus
713 1339 807 1404 rebus
829 1338 1019 1424 perturbatis
1040 1339 1155 1405 nostris
1176 1339 1315 1404 novitate

284 1461 411 1526 pugnae
437 1447 578 1526 tempore
604 1441 881 1526 opportunissimo·
899 1441 1015 1508 Caesar
1044 1441 1198 1507 auxilium
1231 1442 1313 1506 tulit:

284 1565 421 1628 namque
450 1543 517 1610 cius
546 1543 688 1610 adventu
717 1543 823 1610 hostes
854 1543 1068 1628 constiterunt,
1096 1545 1252 1610 nostrisa
1275 1565 1315 1611 ex

251 1671 266 1714 a
284 1648 395 1713 timorc
409 1653 602 1732 receperunt.
627 1667 689 1729 quo
704 1647 787 1712 facto
803 1646 844 1712 ad
859 1646 1077 1713 lacessendum
1091 1648 1213 1713 hostem
1229 1647 1315 1713 etad

285 1750 542 1817 committendum
563 1751 717 1835 proelium
738 1751 876 1816 alienum
899 1769 970 1816 csse
995 1756 1120 1835 tempus
1146 1751 1315 1816 arbitratus

284 1874 341 1920 suo
363 1874 398 1920 se
419 1855 487 1920 loco
509 1854 664 1919 continuit
686 1859 718 1918 et
738 1853 829 1919 brevi
850 1860 991 1938 tempore
1012 1853 1190 1920 intermisso
1212 1855 1245 1918 in
1268 1874 1316 1919 oa·
1419 1879 1421 1882 ·
1464 1855 1465 1874 ¹

250 1963 350 2025 astra
375 1957 516 2040 legiones
542 1956 676 2022 reduxit.
723 1956 798 2021 dum
824 1956 904 2021 haec
930 1962 1090 2041 geruntur,
1117 1957 1232 2023 nostris
1253 1977 1315 2021 om-

284 2060 378 2124 nibus
400 2059 569 2142 occupatis,
597 2059 650 2142 qui
678 2066 767 2124 erant
786 2059 819 2123 in
842 2059 927 2143 agris
949 2060 1070 2142 reliqui,
1094 2059 1314 2125 discesserunt.

251 2168 411 2230 tsecutae
434 2168 506 2226 sunt
529 2163 691 2226 continuos
714 2162 888 2246 complures
908 2161 976 2226 dics
997 2169 1211 2247 tempestates,
1234 2183 1315 2245 quae

285 2271 317 2328 ct
338 2270 460 2329 nostros
482 2264 516 2328 in
538 2264 648 2330 castris
670 2265 865 2330 continerent
887 2270 919 2329 ct
940 2265 1098 2330 hostema
1119 2285 1227 2350 pugna
1247 2285 1316 2349 pro

250 2367 437 2436 shibcrcnt.
482 2366 607 2431 interim
635 2367 760 2432 barbari
786 2367 914 2432 nuntios
939 2367 973 2432 in
999 2387 1108 2433 omnes
1137 2373 1243 2451 partes
1272 2366 1316 2432 di·

284 2470 436 2535 miserunt
457 2469 709 2554 paucitatemque
723 2476 898 2536 nostrorum
920 2471 1054 2534 militum
1069 2470 1134 2535 suis
1157 2469 1314 2554 praedica·

283 2578 397 2637 verunt
419 2578 459 2657 et,
483 2577 602 2655 quanta
623 2571 760 2656 praedae
782 2571 948 2638 faciendae
970 2578 1065 2654 atque
1080 2573 1113 2636 in
1128 2578 1313 2656 perpetuum

284 2676 333 2741 sui
360 2675 516 2741 liberandi
544 2674 677 2739 facultas
704 2673 838 2759 daretur,
869 2675 896 2740 si
925 2676 1084 2739 Romanos
1117 2675 1228 2738 castris
1261 2694 1314 2738 ex·
1374 2667 1377 2674 ’

283 2778 446 2863 pulissent‚
478 2777 779 2842 demonstravemnt.
825 2777 875 2844 his
903 2777 997 2842 rebus
1027 2777 1169 2841 celeriter
1198 2797 1315 2861 magna

283 2879 482 2945 multitudine
512 2878 670 2963 peditatus
697 2880 915 2962 equitatusque
945 2885 1054 2944 coacta
1075 2877 1117 2943 ad
1140 2885 1242 2944 castra
1263 2898 1314 2943 vc·
1344 2961 1347 2968 ,

283 2989 406 3048 nerunt.

251 3110 262 3155 1
385 3085 519 3150 XXXV.
565 3085 690 3168 Caesar,
714 3086 772 3151 etsi
794 3084 889 3169 idem,
912 3083 995 3172 quod
1018 3084 1230 3169 superioribus
1252 3084 1315 3150 die·

283 3189 343 3253 bus
369 3186 536 3269 acciderat,
564 3188 630 3252 fore
658 3187 797 3272 videbat,
827 3193 871 3272 ut,
902 3187 929 3252 si
959 3193 1065 3254 essent
1093 3187 1199 3252 hostes
1220 3186 1313 3271 pulsi,

284 3291 443 3356 celeritate
475 3291 648 3372 periculum
682 3291 866 3374 effugerent,
903 3297 1010 3355 tamen
1047 3296 1158 3363 nactus
1194 3290 1314 3371 equites

284 3393 406 3458 circiter
427 3392 532 3473 XXX,
556 3412 633 3474 quos
656 3393 815 3458 Commius
837 3393 982 3476 Atrebas,
1010 3391 1051 3457 dc
1073 3412 1134 3475 quo
1156 3397 1230 3456 ante
1253 3389 1314 3455 dic-

152 3571 157 3582 ·
283 3503 350 3562 tum
384 3501 441 3579 est,
475 3513 582 3558 secum
615 3501 895 3579 transportaverat,
929 3495 1069 3578 legiones
1098 3495 1131 3558 in
1160 3493 1228 3559 acie
1257 3512 1313 3577 pro

220 3591 395 3670 'acasbis
428 3597 595 3664 constituit.
642 3598 806 3664 commisso
840 3599 958 3683 proelio
992 3597 1110 3663 diutius
1136 3602 1313 3662 nostrorum

283 3704 416 3769 militum
445 3702 596 3786 impetum
626 3701 732 3766 hostes
762 3702 844 3767 ferre
873 3723 937 3766 non
967 3705 1136 3786 potuerunt
1165 3703 1314 3782 asterga

249 3812 451 3874 averterunt.
498 3824 575 3886 qnos
601 3810 689 3869 tanto
712 3805 814 3888 spatio
841 3804 949 3886 secuti,
981 3809 1132 3886 quantum
1162 3820 1255 3866 eursu
1282 3805 1313 3864 et
