2966 4196
305 265 367 330 174
642 282 692 335 DE
709 281 825 336 BELLO
843 282 1004 338 GALLICO

303 454 387 538 qnod
409 454 558 537 equitatu,
582 474 645 537 qua
666 455 805 520 maxime
830 461 921 540 parte
944 455 1101 532 exercitus
1126 455 1338 538 confidebant,

303 564 393 623 erant
414 557 505 642 pulsi,
528 556 711 622 adhortatus
733 557 775 622 ad
797 558 937 622 laborem
961 558 1076 628 milites
1103 559 1340 626 circumvallare

302 661 446 726 institnit.

270 785 284 832 1
404 765 521 829 LXIX.
544 764 652 847 Ipsum
675 769 743 828 erat
764 763 915 848 oppidum
929 764 1038 830 Alesia
1057 765 1093 830 in
1115 766 1194 832 colle
1215 786 1339 832 summo

302 866 471 933 admodum
501 865 585 931 edito
613 867 691 947 loco,
721 872 757 931 ut
785 867 847 932 nisi
877 866 1043 933 obsidione
1073 869 1250 952 expugnari
1272 889 1337 934 non

268 991 284 1038 a
302 991 394 1055 posse
416 969 588 1054 videretur;
612 969 700 1034 cuius
723 969 809 1034 collis
831 969 954 1035 radices
975 969 1038 1036 duo
1060 968 1184 1037 duabus
1205 991 1247 1037 ex
1268 992 1338 1056 par·

267 1075 387 1144 stibus
417 1073 549 1137 fiumina
581 1072 778 1136 snblnebant.
824 1079 898 1137 ante
931 1072 965 1137 id
1002 1072 1152 1158 oppidum
1184 1075 1338 1158 planicies

267 1200 284 1246 4
302 1178 425 1242 circiter
446 1175 533 1240 milia
554 1193 704 1258 passuum
722 1175 773 1240 HI
794 1175 827 1238 in
849 1174 1078 1260 longitudinem
1099 1176 1245 1262 patebat;
1269 1178 1337 1242 reli-

302 1280 372 1363 quis
394 1298 436 1344 ex
457 1277 603 1342 omnibus
624 1277 767 1360 partibus
790 1278 884 1344 colles
905 1277 1056 1344 mediocri
1081 1279 1245 1345 interiecto
1267 1300 1337 1365 spa·

267 1405 284 1452 c
302 1383 346 1448 tio
367 1381 437 1466 pari
455 1379 772 1462 altitudinisfastigio
787 1379 937 1464 oppidum
952 1381 1131 1466 cingebant.
1163 1385 1220 1448 sub
1236 1404 1334 1467 muro,

303 1506 389 1569 quae
405 1503 478 1570 pars
501 1483 587 1548 collis
609 1482 651 1548 ad
673 1483 825 1548 orientem
848 1484 945 1549 solem
967 1486 1140 1569 spectabat,
1163 1485 1248 1551 hunc
1273 1507 1335 1552 om-

301 1609 375 1654 nem
396 1589 499 1654 looum
522 1587 631 1670 copiae
654 1586 813 1652 Gallorum
836 1588 1072 1671 compleverant
1093 1588 1273 1672 fossamque
1303 1596 1336 1655 et

267 1692 470 1762 emaceriam
492 1710 550 1756 sex
572 1689 605 1754 in
627 1688 825 1754 altitudinem
847 1689 964 1773 pedum
985 1690 1229 1774 praeduxerant.
1268 1692 1335 1758 eius

301 1794 492 1877 munitionis,
516 1813 597 1875 quae
618 1794 659 1858 ab
682 1793 833 1857 Romanis
854 1792 1086 1878 instituebatur,
1118 1795 1265 1861 circuitus
1285 1797 1335 1860 XI

268 1899 388 1968 rmilia
419 1917 569 1981 passuum
601 1897 739 1960 tenebat.
785 1902 888 1960 castra
920 1897 1102 1980 opportunis
1135 1899 1211 1963 locis
1245 1905 1334 1964 erant

301 2002 403 2087 posita
423 2001 531 2082 ibique
554 1999 683 2064 castella
696 1998 811 2082 viginti
833 1998 894 2062 tria
915 1998 1009 2084 facta,
1033 1999 1147 2082 quibus
1168 2000 1203 2066 in
1226 2003 1334 2066 castel·

301 2105 339 2170 lis
360 2101 497 2167 interdiu
519 2101 670 2166 stationes
691 2101 899 2184 ponebantur,
930 2123 971 2167 ne
994 2122 1057 2184 qua
1078 2104 1182 2169 subito
1212 2105 1333 2188 eruptio

301 2207 403 2290 fieret;
426 2205 506 2269 haec
528 2203 639 2268 eadem
661 2210 755 2268 noctu
786 2205 1021 2271 excubitoribus
1050 2226 1089 2271 ac
1117 2206 1216 2272 firmis
1246 2227 1333 2291 prae·

208 2337 209 2340 ¹
302 2308 390 2374 sidiis
412 2293 609 2372 tenebantur.

268 2435 282 2481 1
404 2410 503 2474 LXX.
549 2408 651 2492 Opere
672 2409 816 2474 instituto
838 2409 874 2473 fit
897 2417 1041 2492 equestre
1063 2413 1216 2496 proelium
1238 2413 1272 2477 in
1295 2433 1334 2479 ea

300 2513 445 2600 planicie,
469 2531 563 2594 quam
584 2511 796 2577 intermissam
818 2513 948 2578 collibus
978 2515 1039 2578 tria
1067 2514 1155 2579 milia
1183 2535 1333 2600 passuum

300 2620 334 2683 in
355 2614 584 2700 longitudinem
609 2621 718 2699 patere
748 2635 843 2700 supra
872 2615 1164 2683 demonstravimus.
1210 2638 1334 2684 summa

266 2723 341 2789 nvi.
354 2721 395 2784 ab
418 2719 558 2800 utrisque
580 2717 785 2782 contenditur.
831 2719 1046 2784 laborantibus
1074 2721 1189 2786 nostris
1217 2721 1334 2787 Caesar

301 2825 473 2890 Germanos
495 2822 650 2887 submittit
672 2822 875 2904 legionesque
896 2841 953 2905 pro
969 2823 1080 2888 castris
1095 2823 1264 2909 constituit,
1292 2846 1333 2891 ne

265 2948 363 3010 aqua
386 2926 488 2992 subito
510 2925 640 3008 irruptio
662 2925 703 2990 ab
727 2925 863 2990 hostium
892 2923 1036 3009 peditatu
1064 2925 1129 2990 fiat.
1175 2927 1333 3010 pracsidio

298 3030 457 3114 legionum
479 3026 587 3092 addito
609 3027 723 3092 nostris
744 3027 868 3098 animus
883 3034 1029 3113 augetur3
1053 3027 1159 3094 hostes
1174 3030 1207 3094 in
1223 3030 1333 3114 fugam

299 3132 431 3198 coniecti
461 3150 495 3196 se
524 3131 585 3214 ipsi
611 3129 810 3195 multitudine
832 3130 1009 3214 impediunt
1030 3137 1126 3214 atque
1148 3133 1334 3217 angustiori-

264 3236 357 3303 4bus
379 3233 477 3318 portis
500 3239 731 3307 coacervantur.
779 3231 928 3296 Germani
957 3233 1059 3298 acrius
1081 3253 1182 3315 usque
1204 3234 1246 3298 ad
1268 3256 1333 3300 mu·

264 3337 433 3406 enitiones
455 3342 635 3417 sequuntur.
681 3335 718 3398 fit
739 3355 857 3418 magna
887 3334 1013 3418 caedes;
1045 3337 1186 3401 nonnulli
1216 3339 1340 3410 relictis,

298 3440 387 3523 equis
409 3439 526 3505 fossam
548 3439 681 3502 transire
704 3445 735 3502 et
767 3438 936 3502 maceriam
966 3439 1188 3505 transcendere
1219 3461 1333 3506 conan-

297 3550 355 3610 tur.
389 3543 518 3629 paulum
539 3542 680 3626 legiones
696 3542 821 3625 Caesar,
846 3562 924 3624 quas
946 3563 1003 3626 pro
1018 3544 1099 3609 vallo
1116 3545 1331 3628 constituerat,

263 3645 473 3732 spromoveri
494 3644 591 3709 iubet.
622 3665 686 3709 non
709 3645 821 3725 minus,
846 3644 899 3726 qui
921 3645 1004 3709 intra
1025 3646 1215 3712 munitiones
1231 3655 1330 3731 erant,

295 3749 518 3832 perturbantur
548 3747 643 3811 Galli:
678 3747 780 3811 veniri
812 3746 854 3811 ad
887 3766 921 3811 se
955 3748 1120 3812 confestim
1151 3749 1331 3814 existiman-

298 3859 344 3916 tes
366 3851 408 3916 ad
430 3869 518 3914 arma
541 3849 750 3934 conclamant;
774 3849 915 3915 nonnulli
937 3851 1092 3932 perterriti
1122 3851 1156 3916 in
1178 3852 1331 3935 oppidum
