2966 4196
398 255 505 311 COMM.
517 256 582 340 ¹Vll.
601 255 683 310 cAP.
697 255 971 310 LXVIII-LXXII.
1145 239 1207 304 175

170 425 357 513 irrumpunt.
402 427 643 512 Vercingetorix
665 427 753 494 iubet
775 435 881 511 portas
904 428 1017 510 claudi,
1040 449 1081 494 ne
1104 435 1240 495 castrat

171 532 338 597 nudentur.
383 531 491 596 multis
520 531 704 615 interfectis,
739 531 951 615 compluribus
984 531 1073 615 equis
1107 529 1207 615 captis

170 635 324 700 Germani
347 653 418 700 sese
439 633 604 718 recipiunt.

275 738 391 802 LXXI.
436 737 690 820 Vercingetorix,
724 737 908 821 priusquam
942 736 1133 803 munitiones
1164 736 1238 804 abr

170 840 322 906 Romanis
344 840 556 929 perficiantur,
580 840 744 906 consilium
759 840 853 924 capit,
876 859 1001 904 omnem
1016 840 1057 904 ab
1073 859 1108 904 se
1123 838 1206 922 equi-

171 949 272 1008 tatum
294 949 389 1009 noctu
411 943 577 1008 dimittere.
623 942 859 1008 discedentibus
881 941 1021 1024 mandat,
1051 949 1087 1007 ut
1116 961 1239 1010 snama

171 1047 305 1129 quisque
327 1065 434 1112 eorum
457 1046 617 1112 civitatem
639 1045 734 1111 adeat
756 1065 937 1127 omnesque,
962 1044 1015 1127 qui
1044 1065 1101 1130 per
1122 1050 1205 1110 aeta·

170 1155 236 1214 tem
258 1169 347 1214 arma
369 1148 452 1214 ferre
473 1149 604 1234 possint,
627 1148 669 1213 ad
692 1148 809 1213 bellum
832 1154 955 1232 cogant.
1002 1148 1113 1214 suain
1134 1148 1238 1216 illosa

171 1253 284 1318 merita
305 1251 452 1336 proponit
474 1253 720 1335 obtestaturque,
750 1259 786 1316 ut
815 1271 891 1317 suae
914 1251 1024 1317 salutis
1053 1251 1206 1317 rationem

171 1354 320 1439 habeant,
343 1375 406 1420 neu
428 1374 463 1419 sc
486 1355 603 1439 optime
630 1354 671 1420 de
700 1355 858 1420 communi
887 1355 1032 1420 libertate
1061 1355 1206 1420 meritum

170 1459 316 1525 hostibus
348 1459 382 1523 in
412 1447 583 1523 cruciatum
618 1456 745 1523 dedant.
791 1457 929 1541 quodsi
957 1457 1206 1543 indiligentiores

170 1563 297 1647 suerint,
327 1562 415 1626 milia
436 1560 599 1627 hominum
622 1561 745 1626 delecta
766 1561 926 1645 octoginta
947 1581 1012 1626 una
1032 1581 1139 1627 secum
1161 1562 1206 1625 in·

170 1666 301 1731 teritum
322 1664 525 1730 demonstrat.
571 1663 692 1729 ratione
714 1663 794 1728 inita
816 1664 932 1748 exigue
954 1663 1075 1729 diemm
1098 1683 1132 1729 se
1152 1663 1238 1733 hac

170 1771 246 1836 bere
267 1768 363 1833 XXX
383 1767 585 1848 frumentum,
608 1765 665 1832 sed
686 1767 780 1852 paulo
804 1767 899 1831 etiam
926 1766 1051 1852 longius
1079 1767 1204 1832 tolerari

170 1890 263 1956 posse
277 1869 445 1954 parcendo.
464 1868 515 1935 his
530 1869 613 1934 datis
627 1868 795 1952 mandatis,
812 1889 875 1952 qua
888 1876 1028 1934 nostrum
1043 1890 1122 1954 opus
1137 1876 1204 1936 erat
1221 1891 1237 1940 o

169 1974 392 2054 intermissum,
408 1972 546 2038 secunda
560 1971 671 2055 vigilia
685 1971 809 2037 silentio
825 1973 998 2055 equitatum
1011 1973 1115 2037 mittit.
1143 1972 1203 2037 fru·
1221 1993 1237 2041 o

169 2083 311 2143 mentum
326 2095 419 2142 omne
433 2075 475 2142 ad
494 2095 528 2140 se
542 2075 651 2139 referri
673 2075 774 2160 iubet;
795 2075 906 2159 capitis
921 2095 1056 2160 poenam
1077 2075 1125 2160 iis,
1150 2077 1203 2159 qui

169 2200 233 2246 nou
254 2179 424 2264 paruerint,
447 2177 622 2243 constituit:
645 2197 751 2262 pecus,
775 2179 863 2244 cuius
884 2199 1002 2262 magna
1023 2187 1090 2244 erat
1112 2179 1236 2264 copias

167 2285 209 2350 ab
221 2281 400 2348 Mandubiis
412 2281 581 2364 compulsa,
593 2280 710 2345 viritim
722 2281 1097 2367 distribuit3frnmentum
1107 2303 1202 2367 parce

38 2473 39 2476 Ἴ
167 2392 201 2452 et
233 2384 384 2469 paulatim
417 2383 520 2447 metiri
552 2383 696 2448 instituit.
743 2384 849 2469 copias
882 2405 1000 2467 omnes,
1036 2405 1113 2468 quas
1146 2405 1236 2471 proc

167 2489 285 2573 oppido
315 2488 530 2566 collocaverat,
553 2486 587 2550 in
617 2486 767 2572 oppidum
796 2487 923 2571 recepit.
958 2487 1007 2553 his
1028 2489 1235 2558 rationibuss

167 2592 287 2657 auxilia
313 2590 434 2656 Galliae
462 2595 647 2673 exspectare
669 2595 701 2654 et
722 2589 839 2654 bellum
860 2596 951 2674 parat
971 2590 1199 2656 administrare.

272 2693 403 2758 LXXII.
436 2689 558 2768 Quibus
579 2693 674 2756 rebus
693 2692 828 2774 coguitis
851 2711 892 2756 ex
913 2692 1055 2776 perfugis
1077 2700 1109 2757 et
1131 2714 1232 2778 cap-1
1337 2753 1339 2760 ,

166 2797 242 2862 tivis
273 2797 393 2862 Caesar
418 2795 497 2860 haee
526 2808 645 2879 genera
677 2795 861 2860 munitionis
895 2795 1037 2861 instituit.
1082 2796 1201 2862 fossam
1303 2857 1306 2862 ,
1380 2850 1383 2856 ,

166 2899 286 2986 pedum
301 2899 415 2982 viginti
437 2898 564 2963 directis
585 2898 737 2964 lateribus
759 2895 859 2982 duait,
882 2905 918 2962 ut
939 2899 1006 2964 eius
1027 2899 1132 2964 fossae
1154 2920 1200 2965 sc-

166 3005 234 3068 lum
263 3001 449 3066 tantundem
482 3007 612 3085 pateret,
644 3007 795 3082 quantum
825 3021 965 3066 summae
986 3001 1090 3066 fossae
1111 3002 1201 3068 labra

165 3105 331 3172 distarent.
369 3105 504 3186 reliquas
527 3123 636 3168 omnes
658 3103 848 3168 munitiones
869 3104 910 3168 ab
934 3124 972 3168 ea
994 3104 1079 3170 fossa
1100 3105 1233 3189 pedesa

166 3207 418 3292 quadringentos
449 3207 590 3288 reduxit,
623 3205 657 3270 id
690 3205 750 3271 hoc
779 3207 918 3290 consilio,
953 3209 1100 3290 quoniam
1133 3216 1200 3275 tan-

166 3318 235 3376 tum
258 3315 342 3376 esset
363 3310 540 3375 necessario
563 3307 699 3393 spatium
715 3310 896 3393 complexus
911 3330 970 3375 nec
984 3310 1078 3376 facile
1099 3319 1199 3378 totum
1252 3351 1254 3354 -

166 3434 248 3498 opus
278 3432 392 3478 corona
420 3412 554 3477 militum
584 3412 771 3496 cingeretur,
801 3431 843 3477 ne
872 3412 913 3477 dc
945 3414 1114 3499 improviso
1144 3421 1199 3480 aut

166 3523 263 3582 noctu
284 3515 327 3580 ad
348 3515 538 3580 munitiones
561 3513 697 3580 hostium
711 3514 876 3580 multitudo
890 3514 1061 3602 advolaret,
1084 3525 1139 3582 aut
1153 3518 1199 3583 in-

166 3618 270 3684 terdiu
293 3619 357 3684 tela
377 3619 411 3682 in
432 3624 556 3684 nostros
576 3616 663 3701 operi
686 3616 858 3683 destinatos
888 3619 1030 3684 conicere
1059 3627 1195 3704 possent

166 3720 227 3787 hoc
249 3721 427 3786 intermisso
449 3720 550 3806 spatio
572 3713 651 3786 duas
673 3720 774 3786 fossas
797 3720 976 3803 quindecim
997 3722 1095 3806 pedes
1117 3725 1231 3795 latass

166 3823 280 3889 cadem
302 3823 467 3889 altitudine
488 3822 651 3908 perduxit,
675 3843 807 3906 quarum
825 3824 1004 3890 interiorem
1019 3828 1197 3911 campestri·
