2952 4174
461 278 569 332 conn.
583 277 602 331 1.
624 277 706 334 cnr.
719 279 937 336 nuum-nn.
1174 267 1213 330 31

286 449 322 515 L.
346 450 493 516 Proximo
515 450 567 516 die
589 450 731 533 instituto
753 471 809 518 suo
826 452 941 519 Caesar
964 455 1106 522 ecastris
1129 455 1247 524 utris-1

183 573 245 636 que
275 553 381 638 copias
410 573 483 620 suas
513 552 623 619 eduxit
651 554 841 638 paulumque
872 557 1084 623 amaioribus
1106 559 1216 624 castris
1250 607 1253 612 -

183 675 366 742 progressus
388 655 489 722 aciem
510 656 668 740 instruxit,
692 656 833 724 hostibus
848 659 1011 743 pugnandi
1027 667 1214 746 potestatem

182 759 265 824 iecit.
300 759 355 824 ubi
377 780 418 824 ne
440 766 507 824 tum
530 759 657 842 quidem
680 779 734 826 cus
755 761 881 846 prodire
903 763 1068 847 intellexit,
1093 765 1215 829 circiter
1233 787 1247 832 a

181 862 344 928 meridiem
367 863 539 928 exercitum
562 864 595 928 in
618 871 721 929 castra
735 864 870 930 reduxit.
898 872 963 930 tum
980 866 1106 932 demum
1128 869 1214 933 Ario

181 967 280 1032 vistus
313 973 435 1052 partem
469 987 595 1033 suarum
629 967 802 1053 copiarum,
837 988 918 1051 quae
955 976 1058 1035 castra
1093 971 1213 1036 minora

179 1077 386 1155 oppugnaret,
411 1071 503 1135 misit.
547 1070 659 1135 acriter
682 1071 838 1154 utrimque
861 1092 960 1154 usque
982 1072 1024 1138 ad
1046 1093 1211 1158 vesperum

179 1180 354 1258 pugnatum
377 1179 433 1238 est.
478 1174 553 1240 solis
576 1193 687 1239 occasu
710 1193 783 1240 suas
806 1175 912 1259 copias
934 1176 1110 1242 Ariovistus
1136 1179 1244 1245 mul-a

177 1277 219 1343 tis
241 1284 273 1343 et
294 1277 390 1342 illatis
413 1284 444 1342 et
466 1278 603 1362 acceptis
619 1277 801 1343 vulneribus
815 1278 848 1342 in
864 1285 966 1343 castra
981 1278 1115 1345 reduxit.
1141 1300 1211 1344 cum
1229 1302 1245 1349 4

178 1401 219 1446 ex
235 1381 370 1465 captivis
385 1387 550 1463 quaereret
565 1381 690 1464 Caesar,
708 1382 911 1463 quamobrem
926 1382 1102 1448 Ariovistus
1125 1404 1211 1468 proe-

177 1485 218 1550 lio
240 1505 303 1551 non
326 1484 509 1568 decertaret,
533 1483 616 1548 hanc
637 1484 814 1568 reperiebat
844 1505 981 1571 causam,
1013 1487 1096 1569 quod
1125 1488 1210 1572 apud

176 1588 350 1653 Germanos
373 1608 411 1652 ea
433 1586 624 1653 consuetudo
639 1593 730 1670 esset,
755 1594 789 1651 ut
803 1596 920 1654 matres
941 1589 1081 1656 familiae
1103 1612 1209 1657 eorum

176 1691 310 1757 sortibus
342 1698 373 1756 et
395 1690 671 1757 vaticinationibus
694 1689 899 1776 declararent,
930 1700 1033 1758 utrum
1056 1696 1208 1778 proelium
1306 1709 1308 1714 ·

176 1795 327 1860 committi
357 1815 398 1860 ex
428 1815 486 1860 usu
517 1803 599 1860 esset
622 1814 735 1878 neene;
767 1815 821 1859 eas
843 1795 888 1859 ita
911 1794 1029 1862 dicere:
1052 1816 1114 1862 non
1138 1817 1240 1866 esses

175 1899 224 1964 ias
258 1899 430 1965 Germanos
464 1918 621 1983 superare,
653 1898 678 1962 si
707 1905 781 1962 ante
812 1917 926 1963 novam
956 1900 1062 1964 lunam
1086 1901 1205 1983 proelio

175 2001 418 2068 contendissent.

281 2098 333 2164 LI.
363 2097 518 2163 Postridie
541 2097 607 2163 eius
631 2095 694 2163 diei
718 2097 834 2164 Caesar
856 2099 1047 2183 praesidium
1072 2101 1210 2184 utrisque
1231 2124 1240 2169 r

177 2201 298 2287 castris,
322 2201 405 2284 quod
428 2200 504 2266 satis
527 2219 596 2264 esse
612 2200 714 2266 visum
730 2207 787 2283 est,
810 2202 945 2286 reliquit,
969 2223 1078 2269 omnes
1097 2205 1210 2272 alarios

177 2306 209 2370 in
240 2311 408 2388 conspectu
439 2303 575 2369 hostium
605 2323 661 2388 pro
692 2305 802 2369 castris
836 2305 1008 2372 minoribus
1038 2309 1208 2395 constituit,

176 2408 261 2492 quod
291 2409 394 2472 minus
423 2405 623 2472 multitudine
646 2407 779 2472 militum
802 2409 1042 2492 legionariorum
1073 2433 1129 2496 pro
1158 2412 1209 2478 ho

177 2513 272 2578 stium
301 2530 430 2576 numeru
453 2510 589 2594 valebat,
621 2519 655 2575 ut
685 2510 727 2574 ad
757 2513 893 2595 speciem
927 2514 1035 2578 alariis
1057 2522 1208 2598 uteretur;

175 2617 244 2700 ipse
266 2615 380 2700 triplici
402 2615 553 2679 instructa
575 2613 643 2678 acie
663 2633 762 2696 usque
777 2613 818 2678 ad
834 2622 936 2680 castra
951 2615 1086 2680 hostium
1106 2637 1208 2682 acces-

174 2721 224 2787 sit.
260 2727 326 2784 tum
349 2718 475 2784 demum
498 2717 674 2782 necessario
698 2717 847 2783 Germani
871 2738 943 2783 suas
967 2719 1073 2802 copias
1096 2721 1240 2789 castriso

173 2825 352 2889 eduxerunt
374 2821 610 2906 generatimque
631 2822 857 2895 constituerunt
876 2822 1004 2906 paribus
1023 2822 1205 2907 intervallis,

175 2927 328 3011 Harudes,
351 2927 576 3006 Marcomanos,
591 2923 750 3007 'Itiboces
767 2925 957 3009 Vangiones,
978 2926 1138 3010 Nemetes,
1155 2928 1206 2993 Sc-

172 3031 289 3114 dusios,
313 3030 442 3112 Suebos,
474 3047 663 3110 omnemque
692 3027 792 3092 aciem
823 3048 911 3093 suam
943 3027 1027 3093 redis
1057 3035 1089 3094 et
1111 3030 1206 3094 canis

172 3133 453 3216 circumdederunt,
477 3151 518 3197 ne
542 3151 604 3213 qua
626 3151 699 3214 spes
729 3131 762 3194 in
792 3131 868 3216 fuga
897 3132 1132 3214 relinqueretur.
1168 3153 1238 3200 eoa

173 3237 320 3303 mulieres
349 3237 576 3321 imposuerunt,
609 3253 689 3316 quae
722 3233 755 3298 in
785 3236 937 3318 proelium
972 3235 1204 3320 proficiscentes

172 3343 256 3407 viros
271 3340 373 3426 passis
392 3339 537 3404 manibus
556 3338 669 3403 flentes
691 3337 911 3423 implorabant,
934 3357 976 3404 ne
998 3357 1032 3404 se
1055 3339 1088 3404 in
1111 3339 1204 3404 servi-

170 3451 272 3510 tutem
293 3443 444 3510 Romanis
466 3441 636 3506 traderent.

274 3534 342 3598 LII.
389 3533 506 3598 Caesar
536 3531 669 3615 singulis
699 3531 876 3615 legionibus
908 3535 1049 3619 singulos
1083 3539 1235 3622 legatosr

168 3647 203 3704 et
226 3644 424 3721 quaestorem
446 3635 606 3720 praefecit,
634 3634 679 3698 uti
702 3653 756 3699 eos
779 3641 875 3700 testes
898 3657 974 3704 suae
998 3641 1129 3723 quisquc
1144 3643 1202 3708 vir-

146 3743 246 3808 tutis
275 3741 421 3824 haberet3
451 3740 519 3824 ipsc
548 3757 569 3802 a
599 3736 710 3801 dextro
741 3756 845 3820 cornu,
877 3741 961 3821 quod
988 3761 1057 3806 eam
1079 3751 1234 3826 partemn

169 3845 299 3912 minime
326 3843 448 3909 firmam
477 3841 612 3906 hostium
643 3859 711 3904 esse
740 3839 1016 3925 animadverterat,
1047 3845 1197 3926 proelium
