2960 4192
289 244 353 308 200
622 259 671 312 DE
688 255 806 312 BELLO
824 256 985 312 GALLIOO

256 455 268 501 r
391 432 493 498 XXV.
540 431 619 498 (tum
648 431 683 495 in
716 449 825 496 omnes
853 434 959 514 partes
988 427 1099 493 finium
1128 427 1325 512 Ambiorigis

286 541 341 600 aut
370 535 512 619 legiones
541 540 597 599 aut
625 533 745 598 auxilia
774 531 943 598 dimisisset
972 537 1067 614 atque
1090 532 1197 596 omnia
1218 530 1325 596 caedi-

286 639 355 720 bus,
378 636 543 719 inccndiis,
566 637 686 722 rapinis
701 641 865 720 vastasset,
881 655 997 720 magno
1012 653 1142 699 numero
1156 633 1324 699 hominum

285 740 450 806 interiecto
473 747 528 806 aut
550 747 642 824 capto
656 740 832 805 Labienum
855 759 927 804 cum
942 736 1065 803 duabus
1086 736 1263 822 legionibus
1284 736 1324 801 in

252 845 438 911 alioveros
460 843 564 928 mittit,
588 863 719 926 quorum
746 842 857 931 ciuitas
886 847 1013 926 propter
1035 839 1223 906 Germaniae
1245 839 1324 903 vici·

285 947 417 1012 nitatem
440 947 605 1012 cotidianis
635 946 775 1011 exercita
803 945 901 1011 bellis·
925 945 1009 1010 cultu
1039 950 1071 1008 et
1100 942 1224 1008 ienitate
1254 961 1322 1007 non

286 1051 418 1114 multum
440 1072 460 1115 a
483 1050 648 1116 Germanis
671 1048 838 1114 differebat
859 1067 964 1130 neque
993 1047 1147 1131 imperata
1168 1064 1322 1128 umquam

286 1153 347 1218 nisi
370 1154 511 1218 exercitu
534 1158 643 1217 coacta
664 1151 809 1217 faciebat.

254 1275 266 1321 r
388 1255 506 1320 XXVI.
551 1254 681 1319 Interim
704 1254 801 1319 Gaius
826 1253 976 1320 Caninius
998 1253 1130 1336 legatus,
1162 1271 1231 1317 cum
1253 1271 1321 1316 ma·
1361 1302 1364 1306 .

238 1402 240 1407 -
285 1377 382 1442 gnam
404 1356 636 1422 multitudinem
651 1357 838 1422 conuenisse
852 1355 989 1422 hostium
1003 1355 1036 1420 in
1057 1354 1138 1420 fines
1152 1355 1320 1419 Pictonum

285 1461 397 1526 litteris
425 1460 607 1543 nuntiisque
628 1461 753 1524 Duratii
782 1465 994 1544 cognosceret,
1025 1459 1078 1542 qui
1108 1465 1260 1543 perpetuo
1282 1459 1319 1522 in

285 1563 424 1629 amicitia
445 1569 605 1629 manserat
627 1565 849 1647 Romanorum,
873 1582 944 1628 cum
965 1581 1039 1647 pars
1066 1561 1221 1645 quaedam
1243 1561 1319 1626 civi-

286 1667 360 1732 tatis
390 1667 457 1732 eius
485 1666 661 1747 defecisset,
692 1665 733 1730 ad
763 1663 913 1750 oppidum
942 1665 1115 1730 Lemonum
1144 1661 1316 1730 contendit.

252 1791 267 1837 n
286 1790 347 1852 quo
370 1789 440 1835 cum
454 1768 641 1836 adventaret
655 1775 751 1852 atque
766 1789 807 1834 en
823 1768 957 1852 captivis
972 1769 1086 1834 certius
1102 1773 1325 1852 cognosceret,-

285 1872 390 1937 multis
412 1871 574 1937 hominum
596 1872 721 1937 milibus
743 1892 763 1936 a
784 1872 958 1955 Dumnaco,
982 1869 1062 1936 duce
1083 1871 1230 1954 Andium,
1252 1871 1317 1935 Du·

285 1975 398 2049 ratium
421 1975 561 2040 clausum
582 1976 715 2040 Lemoni
737 1974 923 2059 oppugnari,
946 1993 1049 2058 neque
1067 1973 1208 2039 infirmas
1222 1973 1317 2058 legio

285 2097 342 2144 nes
363 2078 505 2145 hostibus
528 2079 721 2145 committere
744 2079 884 2162 auderet,
909 2084 1012 2144 castra
1033 2079 1138 2162 posuit
1160 2078 1228 2144 loco
1250 2098 1316 2143 mu-

166 2167 168 2171 ’
253 2181 358 2247 unito.
382 2183 573 2261 Dumnacus,
590 2201 660 2246 cum
682 2182 933 2266 appropinquare
950 2181 1116 2248 Caninium
1139 2187 1314 2265 cognosset,

286 2282 383 2365 copiis
405 2282 550 2348 omnibus
571 2282 613 2346 ad
635 2283 774 2367 legiones
797 2285 957 2350 conversis
979 2289 1082 2349 castra
1102 2285 1315 2349 Romanorum

251 2407 267 2452 4
285 2403 467 2468 oppugnare
488 2384 632 2450 instituit.
664 2404 734 2451 cum
750 2387 923 2471 complures
938 2385 1006 2452 dies
1027 2386 1060 2450 in
1080 2387 1315 2470 oppugnatione

285 2487 529 2572 consumpsisset
541 2493 573 2552 et
587 2508 702 2572 magno
718 2507 843 2554 suorum
858 2489 1044 2554 detrimento
1059 2489 1176 2554 nullam
1191 2497 1313 2574 partem

284 2590 491 2656 munitionum
515 2591 689 2656 convellere
714 2592 876 2676 potuisset,
903 2611 1008 2658 rursus
1034 2591 1076 2657 ad
1105 2589 1331 2658 obsidendum

284 2693 457 2758 Lemonum
479 2692 569 2759 redit.

253 2816 265 2862 1
386 2797 519 2861 XXVII.
564 2795 683 2861 Eodem
714 2803 852 2881 tempore
875 2798 908 2863 D.
933 2797 1050 2863 Fabius
1079 2798 1202 2881 legatus
1231 2819 1312 2864 com-

283 2897 388 2982 plures
411 2899 554 2964 civitates
576 2900 609 2963 in
630 2898 726 2964 fidem
747 2899 866 2983 recipit,
890 2899 1050 2964 obsidibus
1065 2900 1168 2965 firmat
1189 2901 1312 2968 litteris-

285 3022 345 3084 que
375 3002 433 3068 (iai
461 3002 585 3068 Caninii
615 3002 717 3068 Rebili
747 3002 782 3066 lit
808 3003 927 3084 certior,
958 3023 1038 3084 quae
1067 3003 1100 3067 in
1129 3004 1311 3070 Pictonibus

283 3111 440 3187 gerantur.
471 3105 584 3188 quibus
604 3104 699 3169 rebus
715 3104 847 3188 cognitis
869 3105 1074 3188 proficiscitur
1095 3105 1137 3170 ad
1158 3107 1310 3172 auxilium

249 3207 414 3274 aDuratio
436 3206 609 3272 ferendum.
655 3213 687 3271 at
709 3207 891 3273 Dumnacus
913 3206 1051 3273 adventu
1071 3208 1163 3274 Fabii
1186 3210 1311 3294 cognito

284 3307 449 3390 desperata
470 3309 580 3390 salute,
604 3309 631 3374 si
653 3315 792 3393 tempore
814 3308 925 3374 eodem
947 3317 1073 3376 coaetus
1095 3317 1178 3398 essct
1204 3319 1236 3378 ct
1256 3333 1311 3378 ex·
1409 3367 1411 3371 .

284 3418 406 3475 ternum
428 3411 582 3476 sustinere
603 3410 725 3476 hostem
747 3418 779 3476 et
799 3412 955 3496 respicere
983 3431 1022 3477 ac
1043 3413 1153 3479 timere
1182 3415 1311 3500 oppida-

284 3534 350 3597 nos,
372 3520 501 3598 repente
524 3533 565 3578 ex
586 3514 624 3579 'eo
646 3515 714 3579 loco
737 3534 807 3578 cum
830 3515 926 3598 copiis
948 3514 1066 3580 recedit
1095 3535 1154 3582 neo
1175 3538 1210 3582 se
1232 3521 1310 3586 satis

284 3623 384 3681 tutum
406 3617 473 3681 fore
491 3617 667 3700 arbitratur,
683 3617 744 3681 nisi
759 3616 887 3680 flumine
902 3617 1017 3700 Ligeri,
1034 3617 1116 3699 quod
1131 3626 1198 3684 erat
1213 3629 1309 3704 ponte

284 3724 409 3802 propter
430 3718 680 3802 magnitudinem
707 3717 941 3799 transeundum,
971 3719 1078 3805 copias
1106 3720 1306 3790 traduxisset.

248 3819 415 3901 aFabius,
445 3821 503 3884 etsi
540 3817 679 3883 nondum
712 3820 745 3882 in
779 3827 978 3902 conspectum
1004 3828 1134 3886 venerat
1165 3822 1307 3892 hostibus
