2960 4192
231 293 294 358 212
561 311 611 365 DE
628 310 745 365 BELLO
764 309 925 366 GALLICO

7 371 9 472 l

7 473 8 544 l
136 521 142 532 ι
229 483 468 568 praestitissent,
493 483 647 566 simulque
670 502 705 548 se
728 489 760 546 et
781 482 932 547 honorem
954 501 1046 546 suum
1067 480 1263 564 insequentis

197 586 306 652 sanni
328 585 571 668 commendaret,
595 591 762 670 propterea
784 585 868 668 quod
897 585 1069 650 insolenter
1090 583 1263 650 adversarii

230 688 279 754 sui
307 688 515 772 gloriarentur
537 689 572 754 L.
597 689 765 752 Lentulum
796 693 828 752 et
850 687 884 753 O.
908 687 1090 751 Marcellum
1120 687 1264 752 consules

231 797 362 879 creatos,
386 791 440 874 qui
454 811 581 856 omnem
603 791 754 856 honorem
777 797 809 855 et
831 789 1018 875 dignitatem
1034 790 1180 856 caesaris
1196 811 1263 874 spo

230 895 352 976 liarent,
382 901 524 980 ereptum
546 896 612 962 Ser.
637 894 757 960 Galbae
781 895 986 975 consulatum,
1014 913 1086 958 cum
1112 893 1140 960 is
1167 893 1264 958 multo

230 999 302 1084 plus
322 999 425 1082 gratia
447 999 667 1084 suffragiisque
689 999 850 1080 valuisset,
880 997 964 1080 quod
990 997 1052 1063 sibi
1080 997 1264 1062 coniunctus

231 1106 264 1165 et
284 1101 497 1166 familiaritate
518 1109 551 1166 et
573 1100 800 1167 consuetudine
824 1100 993 1184 legationis
1015 1107 1108 1165 esset.

200 1223 212 1268 r
326 1202 386 1268 LI.
431 1204 593 1288 Exceptus
616 1209 664 1268 est
686 1203 831 1269 Caesaris
860 1202 1017 1269 adventus
1047 1203 1088 1268 ab
1119 1203 1265 1268 omnibus

232 1306 409 1389 municipiis
441 1313 473 1370 et
502 1305 630 1371 coloniis
663 1304 840 1371 incredibili
873 1305 993 1371 honore
1022 1311 1118 1387 atquc
1147 1325 1264 1371 amore.

232 1414 299 1480 tum
331 1409 466 1492 primum
501 1409 585 1474 enim
614 1409 764 1474 veniebat
792 1408 833 1472 ab
863 1408 917 1473 illo
946 1408 1114 1474 universae
1144 1409 1266 1474 Galliae

198 1511 325 1578 abeno.
370 1511 449 1576 nibil
474 1511 717 1595 relinquebatur,
749 1510 833 1594 quod
859 1510 901 1574 ad
927 1517 1073 1576 ornatum
1095 1517 1265 1596 portarum,

232 1614 389 1695 itinerum,
416 1615 554 1680 locorum
581 1615 730 1696 omnium,
759 1633 821 1696 qua
843 1614 961 1680 Caesar
990 1615 1091 1680 iturus
1113 1619 1190 1696 erat,
1214 1634 1266 1679 ex-

200 1717 363 1801 ecogitari
393 1723 524 1801 poterat.
570 1737 641 1782 cum
670 1717 777 1783 liberis
808 1717 910 1782 omnis
940 1716 1106 1782 multitudo
1138 1717 1266 1782 obviam

233 1811 432 1903 procedebat,
455 1819 577 1885 hostiae
592 1821 737 1885 omnibus
756 1820 834 1885 locis
848 1819 1100 1901 immolabantur,
1123 1819 1267 1885 tricliniis
1306 1845 1308 1848 ·

234 1922 340 1987 stratis
362 1921 430 1986 lora
452 1923 631 2007 templaque
654 1923 898 2006 occupabantur,
920 1929 956 1987 ut
970 1924 1022 1988 vel
1044 1922 1267 2007 spectatissimi
1324 1931 1326 1934 ’

232 2025 383 2116 triumphi
405 2025 526 2090 laetitia
546 2026 687 2110 praecipi
709 2032 826 2110 posset.
864 2031 954 2089 tanta
975 2031 1043 2090 erat
1065 2024 1268 2108 magnificen-

235 2128 278 2192 tia
299 2127 385 2212 apud
407 2129 626 2212 opulentiores,
650 2128 807 2213 cupiditas
829 2127 915 2213 apud
936 2127 1126 2194 humiliores.

203 2253 214 2298 1
337 2232 405 2294 Lll.
452 2232 531 2297 Cum
553 2251 663 2297 omncs
688 2232 838 2315 regiones
857 2231 978 2298 Galbae
1000 2237 1127 2315 togatae
1151 2231 1268 2298 Caesar
1321 2261 1326 2279 =

235 2334 487 2417 percucurrisset,
518 2353 639 2398 summa
671 2335 829 2399 celeritate
856 2333 898 2397 ad
925 2334 1100 2399 exercitum
1121 2334 1268 2398 Nemeto·

236 2455 368 2501 cennam
401 2434 495 2500 rediit
527 2437 766 2520 legionibusque
800 2457 841 2501 ex
875 2436 1020 2501 omnibus
1053 2435 1194 2502 bibernis
1226 2435 1268 2500 ad

235 2538 314 2604 fines
336 2539 542 2603 Treverorum
556 2529 704 2605 ¹evocatis
731 2559 769 2604 eo
795 2539 955 2624 profectus
977 2545 1026 2605 est
1052 2539 1159 2622 ibique
1181 2558 1267 2604 exer·

202 2643 332 2723 scitum
353 2642 507 2707 lustravit.
551 2644 588 2706 Τ.
612 2642 787 2707 Labienum
810 2642 930 2708 Galbae
955 2641 1109 2726 praefecit
1130 2647 1268 2726 togatae,

237 2765 297 2828 quo
324 2745 441 2810 maiore
471 2743 742 2811 commendatione
773 2744 991 2810 conciliaretur
1015 2743 1058 2808 ad
1088 2745 1268 2809 consulatus

235 2848 429 2932 petitionem.
474 2848 542 2932 ipse
564 2853 686 2912 tantum
701 2848 855 2913 'itinerum
876 2847 1023 2928 iaciebat,
1047 2851 1200 2929 quantum
1222 2865 1270 2910 sa

236 2951 277 3015 tis
311 2970 380 3016 esse
413 2950 455 3014 ad
487 2951 693 3015 mutationem
724 2951 863 3016 locorum
896 2956 1022 3034 propter
1038 2947 1269 3014 'salubritatem

204 3053 448 3121 sexistimabat.
494 3052 539 3117 ibi
569 3073 758 3136 quamquam
788 3053 897 3118 erebro
919 3051 1070 3118 audiebat
1091 3053 1268 3118 Labienum

236 3156 277 3220 ab
299 3155 435 3220 inimicis
458 3155 523 3220 suis
545 3156 705 3220 sollicitari
728 3157 900 3238 certiorque
915 3155 1012 3220 fiebat
1033 3155 1066 3219 id
1081 3157 1135 3239 agi
1157 3173 1270 3240 pauco

236 3277 306 3322 rum
335 3257 482 3338 consiliis,
512 3263 547 3322 ut
572 3257 757 3343 interposita
787 3265 915 3324 senatus
948 3259 1134 3323 auctoritate
1164 3259 1269 3340 aliqua

237 3366 327 3445 parte
360 3360 515 3425 exercitus
549 3360 747 3443 spoliaretur,
781 3369 889 3426 tamen
921 3380 1025 3444 neque
1057 3360 1098 3425 de
1126 3360 1269 3425 Labieno

238 3462 372 3528 credidit
393 3463 559 3545 quicquam
580 3482 693 3545 neque,
718 3470 827 3528 contra
848 3469 977 3529 senatus
996 3464 1213 3528 auctoritatem
1234 3469 1270 3527 ut

201 3565 357 3648 ratiquio
385 3565 517 3646 faceret,
551 3563 666 3629 adduci
694 3567 805 3650 potuit.
850 3566 1011 3650 iudicabat
1044 3566 1128 3630 enim
1162 3565 1270 3630 liberis

238 3667 404 3733 sententiis
425 3673 548 3752 patrum
571 3669 814 3752 conscriptorum
838 3688 964 3734 oausam
991 3688 1080 3734 suam
1102 3667 1195 3733 facilc
1217 3667 1270 3732 ob·

238 3771 340 3834 tineri.
370 3790 445 3834 nam
468 3771 502 3836 C.
527 3771 620 3835 Curio
642 3771 786 3836 tribunus
808 3771 919 3855 plebis,
944 3791 1014 3834 cum
1033 3770 1177 3836 Caesaris
1200 3790 1269 3834 cau·

239 3891 307 3937 sam
329 3871 577 3956 dignitatemque
600 3871 833 3938 defendendam
855 3876 1055 3960 suscepisset,
1083 3894 1180 3958 saepe
1202 3879 1269 3940 crat
