2960 4192
323 258 326 262 '
400 250 508 306 COMM.
521 251 585 306 VII.
605 251 686 306 OAP.
700 254 957 310 Lxxrl-Lxxv.
1136 241 1195 302 171

269 424 415 488 LXXIV.
468 423 526 487 His
562 423 656 490 rebus
696 425 844 510 perfectis
886 427 1031 512 regiones
1072 434 1229 497 secutusr

163 547 257 608 quarn
291 527 391 611 potuit
431 527 638 608 aequissimas
677 549 733 613 pro
766 529 827 594 loci
861 535 974 594 natura
1006 531 1084 595 XIV
1111 531 1198 595 milia

161 650 312 714 passuum
337 630 519 713 complexus
549 651 640 713 pares
671 630 811 696 eiusdem
841 633 967 714 generis
997 633 1196 715 munitiones,

161 731 303 798 diversas
332 733 372 797 ab
403 731 462 814 his,
493 739 601 797 contra
631 735 817 800 exteriorem
847 734 969 799 hostem
991 735 1133 822 perfecit,
1163 744 1197 801 ut

161 856 202 900 ne
237 857 352 920 magna
386 835 511 918 quidem
546 835 755 918 multitudine,
789 837 816 901 si
849 837 894 900 ita
927 837 1052 902 accidat
1081 840 1197 920 equita·
1249 909 1251 914 .

161 946 211 1004 tus
242 940 392 1020 discessu,
416 939 623 1004 munitionum
645 939 804 1024 praesidia
826 939 1033 1004 circumfundi
1056 949 1194 1025 possent.

160 1063 202 1108 ne
231 1049 336 1108 autem
359 1063 435 1130 cum,
452 1042 590 1126 periculo
614 1062 654 1106 ex
685 1043 795 1108 castris
825 1042 933 1126 egredi
964 1049 1101 1128 cogatur,
1133 1043 1229 1112 die-2

159 1167 229 1211 rum
251 1146 381 1230 triginta
402 1146 552 1229 pabulum
574 1145 828 1228 frumentumque
855 1145 972 1212 habere
995 1166 1103 1212 omnes
1126 1167 1195 1213 con·

159 1255 286 1314 vectum
310 1249 405 1314 iubet.

263 1353 391 1417 LXXV.
436 1353 520 1416 Dum
550 1351 629 1416 haec
658 1351 744 1436 apud
766 1353 906 1418 Alesiam
927 1359 1088 1438 geruntur,
1113 1353 1194 1418 Galli
1215 1375 1226 1420 1

160 1456 291 1520 concilio
312 1455 490 1539 principum
511 1455 629 1520 indicto
652 1476 716 1520 non
732 1477 842 1522 omnes
857 1457 923 1538 hos,
941 1458 994 1540 qui
1009 1478 1098 1522 arma
1113 1457 1194 1520 ferre

158 1565 297 1644 possent,
320 1565 355 1622 ut
378 1559 499 1623 censuit
520 1559 770 1644 Vercingetorirr,
794 1560 1013 1624 convocandos
1043 1566 1192 1642 statuunt,

158 1661 226 1727 sed.
250 1666 368 1726 certum
401 1681 565 1726 numerum
598 1663 710 1745 cuique
744 1662 863 1727 civitati
893 1662 1122 1747 imperandum,
1153 1682 1193 1725 ne

158 1772 248 1830 tanta
276 1763 477 1829 multitudine
507 1765 637 1830 confusa
666 1786 725 1830 nec
747 1765 903 1831 moderari
932 1785 992 1830 nec
1014 1766 1193 1830 discernere

158 1889 231 1935 suos
254 1887 314 1932 nec
336 1867 548 1932 frumentandi
564 1869 717 1932 rationem
732 1867 850 1933 habere
865 1873 1003 1953 possent.
1034 1868 1191 1950 imperant
1210 1888 1225 1933 a

156 1971 277 2037 Aeduis
300 1977 395 2053 atque
418 1991 523 2036 eorum
554 1971 729 2055 clientibus,
754 1971 946 2054 Segusiavis,
969 1961 1190 2052 Ambiuaretis,

157 2075 300 2140 Aulercis
322 2073 581 2157 Brannovicibus,
602 2075 799 2156 Brannoviis,
819 2075 906 2138 milia
926 2074 1061 2158 XXXV3
1084 2092 1191 2157 parem

156 2197 322 2243 numerum
337 2177 487 2241 Arvernis
509 2177 666 2242 adiunctis
687 2177 849 2261 Eleutetis,
875 2176 1034 2261 Oadurcis,
1053 2175 1189 2256 Gabalis,

156 2280 317 2364 Vellaviis,
342 2280 395 2362 qui
417 2282 475 2345 sub
498 2280 629 2364 imperio
652 2281 865 2346 Arvernorum
896 2301 964 2346 esse
988 2284 1190 2363 consuerunt,

157 2384 322 2466 Sequanis,
346 2383 532 2464 Senonibus,
555 2384 759 2467 Biturigibus,
781 2385 938 2468 Santonis,
961 2383 1102 2468 Rutenis,
1120 2383 1190 2448 Car·
1208 2403 1224 2449 3

156 2489 284 2552 nutibus
306 2485 452 2550 duodena
474 2486 573 2570 milia;
597 2487 774 2552 Bellovacis
796 2489 842 2572 X;
875 2493 989 2552 octona
1010 2486 1191 2551 Pictonibus

157 2598 188 2656 et
209 2590 343 2654 Turonis
373 2595 405 2653 et
426 2589 554 2653 Parisiis
585 2596 616 2654 et
638 2590 806 2674 Helvetiis,
830 2590 1004 2670 Ambianis,
1023 2588 1190 2653 Medioma-

156 2694 251 2778 tricis,
273 2692 469 2773 Petrocoriis,
492 2693 627 2773 Nerviis,
658 2692 796 2776 Morinis,
827 2692 1064 2775 Nitiobrogibus
1095 2690 1190 2772 quina

156 2791 255 2881 milia,
279 2796 421 2860 Aulercis
444 2795 633 2861 Cenomanis
655 2794 799 2879 totidem3
829 2794 1032 2859 Atrebatibus
1053 2793 1108 2876 IV,
1131 2792 1189 2856 Ve-

155 2899 296 2965 liocassis
320 2898 464 2978 totidem
494 2897 715 2963 Lemovicibus
745 2903 776 2961 et
798 2897 940 2960 Aulercis
962 2894 1189 2962 Eburovicibus

155 3011 257 3087 terna3
280 3001 423 3066 Rauricis
446 3007 477 3066 et
492 3001 577 3066 Boiis
601 3000 693 3079 biracg
715 3001 810 3064 XXX
825 2999 981 3064 universis
997 2997 1186 3079 civitatibus,
1206 3018 1222 3064 4

80 3189 81 3192 Ἴ
155 3126 236 3190 quae
266 3105 427 3170 Oceanum
456 3104 617 3187 attingunt
647 3122 790 3186 quaeque
825 3122 930 3167 eorum
961 3099 1188 3167 consuetudine
1298 3103 1299 3106 ’

58 3194 60 3200 ’
154 3209 353 3275 Aremoricae
375 3208 583 3291 appellantur,
607 3226 668 3288 quo
691 3212 764 3270 sunt
782 3205 816 3268 in
832 3225 961 3269 numero
978 3204 1187 3286 OuriosoliteS,

153 3311 310 3392 Redones,
340 3310 524 3391 Ambibarii,
557 3309 690 3389 Caletes,
725 3308 851 3392 Osismi,
881 3309 1025 3392 Lexobii,
1054 3307 1184 3372 Venelli.

154 3437 195 3481 ex
217 3415 267 3478 his
282 3413 442 3480 Bellovaci
465 3433 555 3477 suum
577 3431 741 3476 numerum
756 3431 820 3475 non
836 3412 1081 3495 compleverunt,
1105 3409 1221 3492 quods

153 3539 187 3584 se
211 3537 266 3582 suo
288 3517 416 3582 nomine
438 3522 532 3599 atque
554 3514 682 3580 arbitrio
713 3534 782 3578 curn
812 3513 962 3578 Romanis
991 3514 1108 3580 bellum
1137 3533 1188 3596 ge-

154 3628 255 3686 sturos
279 3619 426 3684 dicebant
441 3638 545 3702 neque
561 3611 744 3700 cuiusquam
759 3617 889 3700 imperio
906 3617 1185 3700 obtemperaturos,

111 3779 114 3783 .
153 3724 254 3808 rogati
285 3729 391 3787 tamen
421 3723 461 3787 ab
490 3721 631 3788 Commio
661 3739 717 3804 pro
748 3719 815 3784 eius
844 3718 978 3802 hospitio
1008 3717 1070 3782 duc
1101 3717 1187 3790 milia

153 3847 217 3892 una
239 3827 398 3890 miserunt.

207 3937 323 3986 Caesar,
339 3936 364 3976 de
378 3935 436 3976 bello
450 3934 532 3974 Gallico
823 3943 827 3950 '
1001 3928 1031 3974 12
