2960 4192
424 288 531 344 COMM.
544 289 623 344 VIII.
641 288 724 344 CAP.
737 289 982 378 XLIII—XLVII.
1157 273 1219 338 209

188 469 284 546 atque
306 463 340 526 ln
362 462 412 528 his
434 463 548 530 Surum
569 461 725 544 Aeduum,
757 462 810 544 qui
833 471 865 527 et
886 463 1011 546 virtutis
1033 470 1066 527 et
1093 464 1219 548 generis
1237 483 1252 530 a

189 585 344 630 summam
366 566 562 631 nobilitatem
585 565 724 630 habebat
745 565 892 648 solusque
914 585 955 630 cx
977 564 1097 630 Aeduis
1119 565 1161 630 ad
1187 564 1220 630 id

189 675 315 752 tempus
337 675 552 753 permanserat
573 669 606 732 in
629 668 733 735 armis.

291 771 404 836 XLVI.
449 771 496 836 Ea
524 791 559 835 re
590 771 716 854 cognita
746 769 876 850 Caesar,
908 790 978 835 cum
1011 771 1045 834 in
1075 771 1252 838 omnibusr

189 874 330 958 partibus
354 873 474 939 Galliae
496 875 578 939 bene
600 893 651 939 res
676 873 753 957 geri,
767 873 890 938 'videret
918 872 1142 956 iudicaretque,
1172 893 1220 939 su·

189 975 363 1060 perioribus
384 977 514 1041 aestivis
537 976 672 1041 Galliam
698 975 855 1040 devictum
885 975 1110 1058 subactamque
1139 996 1218 1057 esse,

189 1079 393 1160 Aquitaniam
427 1099 598 1161 numquam
630 1079 699 1163 ipse
732 1078 864 1160 adisset,
899 1077 956 1144 sed
988 1097 1045 1162 per
1073 1078 1220 1144 Publium

190 1181 337 1247 Crassum
361 1181 497 1265 quadam
521 1202 562 1247 ex
584 1187 673 1266 parte
689 1171 865 1264 devicisset,
890 1201 960 1245 cum
983 1179 1105 1247 duabus
1126 1182 1220 1266 legio-

190 1283 283 1349 nibus
304 1284 338 1348 in
361 1304 432 1349 eam
454 1291 575 1368 partem
595 1277 715 1350 Galliae
738 1290 786 1348 est
807 1283 975 1368 profectus,
998 1290 1033 1349 ut
1054 1285 1099 1349 ibi
1121 1291 1220 1349 extre-

189 1406 276 1472 mum
298 1393 424 1471 tempus
446 1393 643 1452 consumeret
668 1387 867 1452 aestivorum.
909 1407 1002 1468 quam
1032 1378 1115 1451 rem·
1129 1387 1220 1454 sicuti
1239 1409 1253 1453 ‘r

190 1495 296 1553 astera
315 1490 457 1555 celeriter
472 1489 667 1572 feliciterque
683 1489 826 1554 confecit.
850 1509 986 1570 namque
1002 1509 1112 1554 omnes
1126 1491 1220 1572 Aqui·

191 1591 295 1657 taniae
319 1593 463 1658 civitates
489 1593 611 1675 legatos
640 1590 682 1656 ad
705 1592 873 1658 Gaesarem
902 1593 1054 1656 miserunt
1083 1590 1221 1657 obsides·

190 1713 251 1775 que
274 1695 302 1759 ei
330 1694 492 1760 dederunt.
517 1696 630 1778 quibus
652 1694 746 1760 rebus
768 1695 867 1777 gestis
889 1695 957 1777 ipse
980 1694 1119 1777 equitum
1134 1715 1253 1779 prae-3

190 1795 268 1860 sidio
291 1798 472 1862 Narbonem
494 1797 652 1881 profectus
676 1804 731 1877 est,
763 1797 937 1862 exercitum
958 1817 1016 1880 per
1037 1797 1158 1880 legatos
1186 1797 1220 1861 in

190 1897 322 1963 hiberna
344 1899 489 1964 deduxit:
518 1906 664 1982 quattuor
689 1900 831 1984 legiones
857 1900 889 1964 in
916 1899 1026 1982 Belgio
1057 1899 1255 1965 collocavitr

191 2020 261 2065 cum
283 2003 324 2066 M.
347 2004 485 2068 Antonio
517 2009 548 2067 et
580 2003 614 2070 0.
637 1993 794 2066 Trebonio
825 2008 856 2065 et
882 2002 916 2064 P.
941 2002 1068 2066 Vatinio
1097 2001 1219 2084 legatis,

191 2103 270 2169 duas
293 2105 434 2188 legiones
457 2106 489 2170 in
505 2105 633 2170 Aeduos
648 2103 789 2186 deduxit,
813 2125 943 2187 quorum
965 2105 999 2169 in
1018 2105 1104 2169 omni
1119 2104 1222 2169 Gabia

191 2225 345 2272 summam
368 2228 437 2272 esse
460 2209 676 2273 auctoritatem
700 2208 829 2289 sciebat,
860 2207 939 2272 duas
961 2208 994 2272 in
1016 2207 1150 2272 Turonis
1179 2205 1221 2271 ad

190 2309 269 2374 fines
306 2311 477 2376 Carnutum
516 2311 637 2395 posuit,
672 2331 752 2394 quae
785 2330 910 2376 omnem
942 2311 1027 2374 illam
1060 2310 1221 2394 regionem

191 2413 389 2477 coniunctam
412 2413 538 2479 Oceano
566 2413 878 2495 continerentduas
900 2414 1035 2496 reliquas
1057 2413 1091 2476 in
1113 2413 1221 2477 Lemo-

190 2516 295 2580 vicum
316 2516 433 2581 finibus
455 2536 519 2581 non
541 2517 635 2599 longe
657 2517 698 2580 ab
721 2517 882 2597 Arvernis,
908 2537 949 2580 ne
972 2536 1034 2598 qua
1055 2535 1129 2600 pars
1152 2515 1221 2580 Gal-

189 2618 251 2682 liae
273 2639 374 2683 vacua
395 2620 436 2683 ab
460 2619 600 2682 exercitu
622 2623 715 2684 esset.
760 2639 877 2702 paucos
904 2617 972 2682 dies
998 2619 1067 2702 ipse
1094 2618 1127 2682 in
1153 2638 1254 2702 pro-o

190 2721 296 2786 vincia
317 2727 464 2802 moratus,
489 2741 560 2786 cum
582 2721 724 2786 celeriter
746 2740 855 2786 omnes
871 2727 1044 2785 conventus
1058 2739 1221 2803 percucur-

190 2825 295 2907 risset,
329 2825 472 2910 publicas
506 2825 733 2890 controversias
767 2830 947 2908 cognosset,
981 2819 1064 2889 bene
1100 2821 1220 2886 meritis

190 2929 331 3012 praemia
353 2929 513 2995 tribuisset
534 2967 578 2976 -
601 2927 811 3012 cognoscendi
827 2928 910 2992 enim
933 2926 1104 2990 maximam
1125 2925 1254 2992 facul-s

190 3038 287 3097 tatem
309 3032 457 3114 habebat,
482 3031 566 3115 quali
590 3031 720 3113 quisque
742 3030 854 3095 fuisset
868 3029 973 3094 animo
992 3029 1026 3093 in
1041 3029 1136 3094 totius
1152 3028 1221 3092 Gal·

190 3135 251 3199 liae
274 3133 460 3216 defectione,
485 3154 579 3217 quam
601 3133 792 3197 sustinuerat
813 3131 964 3196 fidelitate
983 3137 1079 3214 atque
1093 3131 1221 3196 auxiliis

190 3237 372 3321 provinciae
394 3237 477 3302 illius
500 3275 539 3284 -
564 3235 613 3300 his
644 3234 794 3300 confectis
823 3236 918 3298 rebus
947 3233 989 3298 ad
1016 3234 1157 3316 legiones
1187 3233 1220 3298 in

190 3341 335 3425 Belgium
357 3360 392 3404 se
414 3339 525 3424 recipit
546 3338 755 3419 hibernatque
778 3338 1042 3402 Nemetocennae.

292 3444 422 3508 XLVII.
445 3443 495 3507 Ibi
518 3441 679 3524 cognoscit
701 3440 876 3506 Commium
898 3440 1081 3504 Atrebatem
1103 3439 1253 3522 proelior

191 3567 262 3612 eum
292 3547 432 3628 equitatu
463 3565 519 3610 suo
550 3543 759 3610 contendisse.
804 3562 879 3608 nam
909 3562 979 3606 cum
1001 3541 1158 3606 Antonius
1187 3541 1254 3608 ina

189 3651 322 3716 hiberna
349 3649 488 3714 venisset
518 3648 691 3729 civitasque
717 3645 904 3712 Atrebatum
933 3645 966 3708 in
997 3643 1099 3708 officio
1128 3651 1219 3724 essct,

190 3753 364 3834 Commius,
400 3751 453 3834 qui
485 3757 556 3834 post
588 3750 674 3814 illam
701 3747 964 3828 vulnerationem,
1000 3767 1094 3828 quam
1127 3766 1222 3832 supra

190 3855 448 3938 commemoravi,
482 3871 607 3936 semper
639 3851 681 3916 ad
714 3869 824 3916 omnes
857 3855 960 3914 motus
994 3856 1123 3933 paratus
1157 3849 1222 3916 suls

248 3953 364 3998 caesar,
378 3947 479 3987 debello
493 3947 587 3987 Gallico.
1030 3942 1061 3995 14
