2936 4192
396 213 504 270 oorrrr.
523 213 560 270 11.
579 213 662 270 cnr.
680 215 905 272 xxv-xxm.
926 171 927 180 Ν
1125 202 1165 264 47

133 406 192 472 spo
215 385 325 482 salutis
347 391 469 452 tantam
490 385 639 452 virtutem
660 387 892 471 praestiterunt,
914 394 959 473 ut,
983 389 1168 475 comprimi

133 509 243 555 eorum
272 487 470 570 cecidissent,
499 479 650 574 proximi
665 489 842 557 iacentibus
870 491 1052 558 insisterent
1072 498 1168 577 atque

134 611 176 658 ex
199 611 306 658 eorum
328 591 509 676 corporibus
531 598 723 678 pugnarent;
753 592 804 660 his
825 592 956 660 deiectis
986 601 1017 660 et
1046 615 1201 665 concor-t

133 695 218 762 vatis
240 693 458 777 cadaveribus,
480 695 534 778 qui
556 702 766 780 superessent,
787 702 822 763 ut
844 716 886 764 cx
907 699 1026 764 tumulo
1047 699 1112 765 tela
1132 699 1166 764 in

133 804 256 864 nostros
279 797 458 864 conicerent
480 804 512 863 et
532 797 598 882 pila
619 798 794 884 intersepta
814 800 1023 867 remitterent:
1045 808 1080 867 ut
1101 822 1199 874 nono

133 901 325 986 nequiquam
347 907 456 968 tantae
469 901 595 968 virtutis
616 900 760 968 homines
781 901 915 968 iudicari
929 903 1059 969 deberet
1072 925 1166 972 ausos

132 1025 203 1072 esse
224 1004 359 1072 transire
380 1003 568 1072 latissimum
591 1003 719 1087 flumen,
740 1005 914 1072 ascendere
936 1007 1106 1074 altissimas
1127 1009 1165 1072 ri-

131 1129 201 1194 pas,
230 1109 336 1176 subire
361 1107 593 1192 iniquissimum
622 1109 740 1194 locum;
771 1129 852 1192 quae
881 1108 990 1176 t'aoilia
1016 1130 1057 1176 ex
1085 1110 1165 1176 diffi-

131 1211 257 1278 cillimis
277 1211 376 1276 animi
397 1210 582 1296 magnitudo
603 1211 778 1296 redegerat.

233 1316 386 1381 XXVIII.
409 1315 479 1381 Hoc
498 1315 618 1399 proelio
639 1315 724 1382 tacto
746 1321 779 1382 et
799 1335 899 1402 prope
919 1316 963 1382 ad
977 1317 1163 1384 internecio
1183 1340 1195 1388 r

130 1440 205 1486 nem
215 1425 312 1504 gente
322 1438 361 1484 ao
372 1418 499 1484 nomino
507 1419 695 1484 Nerviorum
705 1417 833 1485 redacto
843 1419 978 1486 maiores
988 1427 1075 1503 natu,
1087 1441 1165 1504 quos

130 1543 196 1588 una
225 1541 297 1588 oum
325 1521 431 1606 pueris
461 1521 706 1605 mulieribusque
726 1521 761 1587 in
782 1522 941 1588 aestuaria
969 1542 1008 1588 ac
1032 1521 1165 1608 paludes

130 1625 290 1692 coniectos
304 1624 495 1705 dixeramus,
511 1645 583 1690 cum
593 1624 765 1691 victoribus
775 1623 855 1689 nihil
866 1623 1060 1710 impeditum,
1072 1625 1164 1692 victis

129 1729 210 1794 nibil
239 1734 340 1793 tutum
362 1727 599 1810 arbitrarentur,
628 1727 778 1809 omnium,
802 1727 856 1809 qui
877 1733 1071 1812 supererant,
1094 1747 1197 1798 con-a

128 1823 227 1899 sensu
241 1832 363 1915 legatos
377 1829 420 1896 ad
432 1830 604 1898 Gaesarem·
614 1831 766 1896 miserunt
781 1848 878 1912 seque
893 1829 923 1894 ei
933 1827 1122 1896 dediderunt
1133 1837 1164 1896 et

129 1935 164 2000 in
180 1931 453 2002 commemoranda
468 1933 605 1999 civitella
620 1930 799 1998 calamitate
814 1950 855 1996 ex
871 1932 1029 1998 sexcentis
1043 1930 1085 1997 ad
1099 1938 1163 1999 tres

129 2043 302 2121 senatores,
333 2056 374 2102 ex
404 2035 566 2103 hominum
579 2034 715 2100 ⁴milibus
735 2034 795 2099 LX
817 2033 873 2098 vix
900 2033 943 2098 ad
965 2035 1161 2120 quingentos,

129 2142 185 2224 qui
206 2159 296 2206 arma
316 2138 401 2206 forre
421 2147 561 2225 possent,
575 2157 647 2205 seso
660 2135 805 2204 redactos
820 2155 890 2203 esse
904 2135 1062 2204 dixerunt.
1085 2158 1196 2222 quoss

130 2246 259 2327 Caesar,
291 2249 328 2309 ut
360 2243 394 2308 in
428 2242 558 2308 miseros
591 2261 630 2307 ao
659 2239 817 2325 supplices
845 2259 922 2306 usus
950 2239 1164 2306 misericordia

127 2346 299 2429 videretur,
322 2345 563 2430 diligentissime
578 2342 778 2410 conservavit
792 2342 919 2426 suisque
933 2341 1050 2409 finibus
1067 2349 1163 2426 atque

129 2450 255 2537 oppidis
277 2449 323 2516 uti
344 2448 436 2515 iussit
459 2454 491 2514 et
512 2446 654 2512 finitimis
675 2445 852 2530 imperavit,
875 2453 911 2510 ut
931 2445 973 2510 ab
995 2445 1110 2511 iniuria
1132 2459 1163 2512 et

129 2553 284 2620 maleficio
306 2572 341 2618 se
363 2571 498 2634 suosque
519 2548 731 2636 prohiberent.

232 2656 354 2720 XXIX.
377 2653 546 2736 Aduatuci,
568 2651 740 2735 dequibus
761 2669 857 2734 supra
877 2649 1069 2735 scripsimus,
1092 2671 1194 2721 cumr

128 2759 276 2826 omnibus
299 2757 398 2843 copiis
418 2756 539 2822 auxilio
553 2754 681 2821 Nerviis
695 2753 851 2834 venirent,
873 2751 935 2817 bac
956 2772 1067 2838 pugna
1086 2774 1162 2820 nun·

128 2863 209 2927 tiam
231 2881 272 2927 ex
293 2860 407 2926 itinere
429 2857 556 2926 domum
578 2863 787 2943 reverterunt;
818 2855 940 2922 cunctIs
961 2855 1086 2941 oppidis
1115 2877 1196 2926 oar

128 2965 291 3047 steIIIsque
317 2961 449 3029 desertis
471 2981 529 3028 sua
550 2961 657 3028 omnia
684 2960 720 3025 in
745 2979 843 3026 unum
865 2957 1015 3046 oppidum
1037 2961 1163 3046 egregie

129 3073 243 3133 natura
264 3066 420 3131 munitum
442 3063 649 3130 contulerunt.
695 3061 780 3146 quod
801 3083 872 3129 cum
899 3081 941 3130 ex
962 3053 1108 3130 omnibus
1129 3064 1197 3133 ins

129 3170 262 3237 circuitu
291 3168 434 3255 partibus
462 3167 634 3234 altissimas
662 3185 757 3251 mpes
786 3164 990 3248 deiectusque
1021 3165 1162 3249 haberet,

129 3294 194 3340 una
224 3292 265 3339 cx
294 3277 384 3357 purte
412 3270 526 3335 leniter
546 3269 677 3336 accbvis
697 3268 803 3335 aditus
823 3268 858 3334 in
879 3268 1078 3335 latitudinem
1100 3290 1164 3338 non

129 3375 265 3461 amplius
294 3372 499 3440 ducentorum
527 3370 645 3457 pedum
665 3371 916 3459 relinquebatur;
946 3392 1040 3455 quem
1061 3373 1164 3440 locum

129 3477 248 3564 duplici
276 3475 429 3542 altissimo
458 3494 547 3542 muro
576 3474 769 3540 munierant:
796 3480 863 3540 tum
885 3475 995 3560 magni
1016 3476 1164 3560 ponderIs

128 3601 211 3648 saxa
244 3586 276 3647 et
308 3585 495 3665 praeacutas
527 3577 635 3644 trabes
663 3578 697 3642 in
730 3596 820 3644 muro
853 3577 1058 3643 collocabant.
1102 3578 1198 3662 ipsit

130 3691 220 3751 erant
242 3704 284 3750 ex
306 3682 442 3750 Cimbris
455 3681 669 3765 Teutonisque
690 3679 847 3765 prognati,
870 3681 933 3762 qui,
957 3700 1028 3746 cum
1049 3680 1109 3744 iter
1129 3680 1163 3744 in

129 3786 326 3873 provinciam
347 3791 488 3851 nostram
509 3789 605 3867 atque
633 3783 759 3848 Italiam
787 3781 941 3865 iacerent,
969 3781 1010 3848 iis
1034 3781 1163 3865 impedi-
