2960 4192
380 275 381 278 ’
401 260 507 315 cortu.
521 260 599 314 VIII.
619 259 701 314 CAP.
715 259 981 313 XXXIX—XLIII.
1066 341 1067 345 Ἰ
1147 240 1207 304 207

176 434 297 517 reliqui,
315 433 432 500 Caesar
451 453 533 498 unus
548 431 679 516 videret,
704 452 722 496 e
744 433 873 515 regione
896 432 964 496 elus
980 430 1092 496 vineas
1114 449 1210 512 agere

176 537 331 603 adversus
361 541 500 601 montem
530 540 561 600 et
591 555 741 620 aggerem
772 535 925 600 instruere
956 533 1059 618 coepit
1093 552 1209 616 magno

176 661 248 706 oum
271 640 377 706 labore
401 645 432 704 et
455 639 604 704 continua
627 639 835 703 dimicatione.
861 637 1011 722 oppidani
1034 637 1118 701 enim
1141 636 1242 702 locos

176 743 337 829 superiore
360 741 529 807 decurrunt
552 747 583 806 et
606 742 728 806 eminus
751 741 819 806 sine
849 740 987 824 periculo
1017 739 1210 823 proeliantur

176 847 353 928 multosque
375 844 577 928 pertinaciter
597 843 802 909 succedentes
818 843 998 926 vulnerant;
1022 862 1085 906 non
1110 840 1208 907 deter-

176 955 284 1014 rentur
305 954 412 1012 tamen
435 947 550 1012 milites
572 947 671 1012 nostri
686 947 797 1030 ¹vineas
820 945 959 1029 proferre
983 951 1014 1009 et
1036 945 1142 1008 labore
1165 949 1208 1007 at·

177 1071 238 1135 que
253 1050 400 1135 operibns
415 1050 553 1114 locorum
569 1049 696 1114 vincere
712 1047 923 1114 difficultates.
941 1047 1051 1113 eodem
1067 1055 1207 1131 tempore
1225 1067 1241 1113 4

176 1153 336 1219 cuniculos
359 1158 459 1218 tectos
481 1153 521 1217 ab
545 1153 647 1218 vineis
670 1159 769 1235 agunt
791 1151 832 1216 ad
863 1158 956 1236 caput
986 1151 1091 1235 fontis,
1124 1148 1207 1233 quod

175 1276 277 1341 genus
300 1255 404 1339 open‘s
426 1255 495 1320 sine
517 1255 580 1320 ullo
603 1255 751 1339 periculo,
776 1255 845 1321 sine
872 1255 1049 1340 suspicione
1071 1253 1208 1320 bostium

175 1359 281 1424 iacere
307 1357 430 1423 licebat.
477 1358 647 1422 exstruitur
675 1379 774 1442 agger
803 1359 836 1422 in
864 1358 1062 1423 altitudinem
1091 1355 1241 1441 pedums

176 1463 244 1546 LX,
268 1462 435 1527 collocatur
457 1461 490 1525 in
514 1481 551 1525 eo
574 1462 666 1526 tumis
689 1460 798 1525 decem
822 1461 1040 1542 tabulatorum,
1064 1481 1126 1525 non
1144 1460 1208 1541 qui·

176 1564 249 1630 dem
272 1583 352 1648 quae
374 1564 539 1629 moenibus
561 1570 711 1646 aequaret
732 1601 776 1610 -
797 1563 830 1628 id
853 1563 937 1628 enim
952 1564 1045 1628 nullis
1061 1563 1207 1647 operibus

176 1667 260 1732 effici
282 1671 467 1752 poterat-
492 1665 549 1732 sed
572 1687 652 1749 quae
675 1686 823 1750 superare
838 1666 934 1730 fontis
954 1665 1117 1748 fastigium
1139 1683 1207 1749 pos·

176 1777 233 1837 set.
279 1789 320 1834 ex
344 1789 382 1835 ea
404 1789 475 1834 curn
497 1771 561 1834 tela
582 1770 745 1834 tormentis
767 1770 943 1834 iacerentur
965 1766 1007 1832 ad
1029 1767 1125 1858 fontis
1154 1765 1239 1834 ado

175 1875 262 1959 itum,
297 1893 357 1939 nec
386 1873 455 1939 sine
484 1873 623 1957 periculo
653 1878 783 1957 possent
812 1872 922 1955 aquari
952 1869 1111 1957 oppidani,
1142 1889 1206 1934 non

175 1983 297 2041 tantum
319 1997 433 2061 pecora
448 1982 543 2058 atque
564 1977 714 2058 iumenta,
738 1974 909 2040 sedetiam
931 1994 1049 2058 magna
1070 1972 1206 2038 hostium
1282 1964 1285 1969 ’

175 2078 341 2156 multitudo
364 2079 417 2145 siti
439 2080 689 2144 consumebatur.

278 2183 378 2246 XLII.
424 2180 493 2258 Quo
523 2182 605 2247 rnalo
636 2181 792 2266 perterriti
821 2180 971 2266 oppidani
999 2199 1096 2266 cupas
1118 2199 1237 2263 sevo,1

174 2286 255 2370 pice,
279 2283 438 2350 scandulis
462 2285 632 2370 complent;
657 2305 711 2350 eas
733 2284 881 2351 ardentes
903 2285 936 2350 in
960 2305 1057 2370 opera
1085 2283 1204 2370 prorui-

174 2393 254 2453 vunt
276 2386 448 2469 eodemque
470 2393 612 2471 tempore
634 2388 785 2453 acerrime
806 2389 1007 2473 proeliantur,
1037 2393 1072 2452 ut
1098 2387 1138 2452 ab
1161 2387 1205 2451 in-

175 2490 286 2556 cendio
308 2489 533 2573 restinguendo
556 2490 766 2555 dimicationis
788 2491 926 2574 periculo
950 2491 1128 2556 deterreant
1146 2491 1205 2554 Ro·

174 2613 293 2658 manos.
318 2613 435 2677 magna
456 2601 585 2677 repente
607 2595 641 2657 in
663 2594 741 2677 ipsis
764 2594 909 2678 operibus
931 2594 1059 2658 flamma
1073 2592 1237 2658 exstitita

174 2714 390 2779 quaecumque
420 2696 505 2760 enim
534 2716 591 2780 per
619 2697 722 2760 locum
751 2696 955 2780 praecipitem
985 2697 1082 2761 missa
1104 2700 1203 2778 erant,

174 2818 213 2864 ea
226 2799 329 2863 vineis
344 2803 376 2863 et
391 2818 507 2883 aggere
523 2819 693 2883 suppressa
712 2799 1021 2883 comprehendebant
1042 2799 1075 2863 id
1089 2799 1202 2883 ipsum,

174 2901 258 2985 quod
280 2901 468 2966 morabatur.
514 2903 629 2967 milites
652 2908 761 2967 eontra
782 2902 890 2986 nostri,
915 2923 1103 2986 quamquam
1125 2901 1237 2986 peri-a

174 3005 279 3071 culoso
302 3025 419 3089 genere
441 3006 552 3089 proelii
574 3006 704 3088 locoque
719 3005 826 3088 iniquo
842 3006 1074 3090 premebantur,
1097 3011 1203 3069 tamen

173 3108 279 3172 omnia
300 3107 470 3173 fortissimo
492 3108 690 3174 sustinebant
712 3109 827 3174 animo.
857 3129 908 3174 res
931 3109 1015 3173 enirn
1036 3109 1236 3192 gerebaturr

174 3217 206 3275 et
228 3211 354 3276 excelso
376 3211 444 3276 loco
468 3218 499 3276 et
520 3212 554 3276 in
570 3217 741 3296 conspectu
756 3213 913 3277 exercitus
928 3213 1036 3296 nostri,
1059 3232 1204 3296 magnus-

174 3333 235 3396 que
258 3313 414 3397 utrimque
438 3316 553 3380 clamor
575 3314 741 3380 oriebatur.
766 3315 810 3379 ita
826 3335 919 3398 quarn
936 3315 1066 3397 quisque
1081 3321 1204 3399 poterat

173 3417 312 3481 maxime
334 3417 478 3501 insignis,
503 3437 563 3500 quo
578 3417 681 3482 notior
696 3417 897 3499 testatiorque
913 3418 1011 3482 virtus
1027 3424 1110 3482 esset
1125 3419 1202 3501 eius,

172 3519 243 3584 telis
264 3519 401 3584 hostium
425 3519 631 3602 flammaeque
654 3540 688 3584 se
711 3520 870 3585 offerebat.

275 3623 392 3686 XLIII.
439 3623 556 3688 Caesar
578 3642 648 3687 cum
678 3624 852 3707 complures
882 3643 956 3688 suos
977 3624 1135 3706 vulnerari
1159 3624 1234 3693 vi÷1

173 3722 275 3808 deret,
310 3745 351 3789 ex
385 3725 531 3791 omnibus
564 3725 673 3810 oppidi
705 3726 846 3810 partibus
884 3726 1027 3790 cohortes
1064 3735 1202 3792 montem

173 3825 344 3891 ascendere
368 3835 400 3892 et
421 3828 620 3893 simulatione
643 3830 801 3894 moenium
824 3827 1076 3912 occupandorum
1092 3831 1203 3896 clarno-
