2936 4192
255 268 299 332 44
591 286 641 340 DE
659 285 775 341 BELLO
793 286 958 344 GALLICO

217 455 343 526 stendi
373 457 499 541 signum
529 457 625 523 dedit.
671 465 767 542 atque
788 459 822 524 in
844 459 977 524 alteram
1000 469 1122 544 partem
1144 461 1221 526 item
1244 480 1293 527 cc-

217 558 402 628 ohortandi
424 578 520 626 cansa
541 559 700 644 profectus
722 563 939 646 pugnantibus
961 563 1104 629 occurrit.
1142 565 1292 648 temporis

255 667 345 726 muta
366 661 426 726 fnit
442 662 600 747 exiguitas
621 662 822 746 hostiumque
844 671 1055 750 temperatus
1077 665 1120 732 ad
1142 665 1292 732 dimican-

256 763 331 828 dum
352 765 487 849 animus,
514 771 550 831 ut
575 786 640 832 non
667 766 825 833 modoad
851 767 995 852 insignia·
1012 767 1290 853 accommodanda,

256 867 313 934 sed
335 869 431 934 ctiam
457 868 500 934 ad
525 871 635 953 galeas
661 870 840 936 induendas
862 872 1022 954 scutisque
1044 873 1218 956 tegimenta
1240 871 1292 937 de

218 969 412 1039 otrudenda
441 978 566 1057 tempus
596 973 740 1039 defuerit.
785 994 881 1058 quam
911 974 1043 1057 quisque
1072 975 1114 1039 ab
1137 994 1232 1060 opere
1257 975 1291 1040 in

256 1079 377 1158 partem
399 1093 475 1140 casn
497 1074 627 1141 devenit
649 1095 793 1160 quaeque
813 1077 917 1160 prima
939 1077 1032 1161 signa
1052 1078 1226 1162 conspexit,
1248 1076 1292 1142 ed

257 1177 335 1243 haec
365 1177 514 1259 constitit,
544 1197 586 1243 ne
614 1179 648 1243 in
671 1178 861 1262 quaerendis
883 1180 948 1246 suis
974 1179 1140 1265 pugnandi
1166 1186 1291 1264 tempus

255 1278 435 1346 dimitteret.
550 1351 554 1358 Δ

221 1402 236 1449 ι
357 1383 463 1448 ΧΧΙΙ.
508 1385 665 1449 Instructo
700 1385 850 1466 exercitu,
884 1383 987 1469 magis
1019 1391 1055 1451 nt
1083 1385 1144 1451 loci
1177 1391 1292 1450 natura

255 1483 459 1568 deiectusque
488 1486 576 1552 collis
605 1492 638 1552 et
666 1487 839 1552 necessitas
868 1488 1028 1572 temporis,
1060 1507 1155 1570 quam
1184 1493 1219 1552 ut
1246 1487 1291 1552 rei

256 1587 399 1654 militaris
420 1588 500 1654 ratio
522 1595 618 1672 atque
640 1589 716 1656 ordo
738 1588 929 1675 postulabat,
954 1610 1026 1656 cnm
1048 1589 1194 1655 diversae
1215 1590 1291 1674 legi·

255 1711 331 1757 ones
353 1693 436 1757 aliae
457 1693 521 1756 alia
542 1692 576 1757 in
598 1699 689 1776 parts
710 1692 852 1758 hostibus
867 1693 1058 1774 resisterent,
1081 1693 1292 1776 saepibusque

255 1793 460 1876 densissimis,
498 1802 532 1860 ut
568 1803 643 1860 ante
684 1794 978 1877 demonstravimus,
1020 1795 1192 1861 interiectis
1224 1815 1292 1880 pro-

256 1905 381 1980 spectus
403 1897 617 1982 impediretur,
640 1917 743 1981 neque
759 1905 845 1964 certa
860 1898 1002 1964 subsidia
1017 1898 1162 1964 collocari
1177 1917 1290 1980 neque,

258 2001 332 2082 quid
365 2001 398 2065 in
433 2021 558 2084 quaque
586 2008 677 2085 parte
707 2021 786 2086 opus
817 2007 909 2083 esset,
939 1999 1099 2086 provideri
1125 2019 1228 2084 neque
1249 2000 1291 2064 ab

220 2123 319 2170 auno
341 2103 448 2168 omnia
468 2103 601 2187 imperia
620 2103 833 2168 administrari
854 2110 1008 2188 poterant.
1032 2104 1139 2186 itaque
1153 2103 1188 2167 iu
1202 2109 1293 2168 tanta
1330 2133 1333 2139 Δ

257 2226 360 2270 rerum
386 2205 553 2288 iniquitate
582 2205 728 2270 fortunae
758 2225 882 2288 quoque
912 2213 1045 2272 eventus
1074 2206 1154 2270 varii
1184 2225 1292 2289 seque

258 2309 381 2374 bantur.

226 2433 238 2480 r
360 2413 483 2476 XXIII.
528 2411 677 2496 Legionis
699 2430 803 2477 nonae
826 2417 857 2476 et
886 2409 1029 2475 decimae
1052 2411 1178 2492 milites,
1202 2412 1291 2476 utin

258 2514 385 2581 sinistra
412 2521 503 2600 parte
531 2515 601 2580 acle
630 2515 843 2595 constiterant,
874 2513 947 2598 pilis
974 2513 1096 2578 emissis
1130 2533 1222 2579 cursu
1253 2534 1292 2578 ac

257 2616 442 2684 lassitudine
465 2618 663 2684 exanimatos
676 2617 922 2699 vulneribusque
945 2615 1103 2681 confectos
1125 2616 1293 2682 Atrebates

257 2759 301 2770 —
322 2741 397 2786 nam
423 2721 474 2787 his
504 2741 542 2786 ea
570 2741 644 2804 pars
666 2721 840 2786 obvenerat
863 2757 902 2768 -
927 2719 1068 2784 celeriter
1091 2739 1132 2784 ex
1154 2719 1222 2784 loco
1245 2739 1293 2784 su-

258 2824 380 2908 periore
401 2823 435 2887 in
457 2822 574 2888 flumen
598 2823 815 2908 compulerunt
838 2828 870 2887 et
892 2821 1026 2886 transire
1041 2827 1192 2887 conantes
1213 2822 1293 2888 inse·

260 2925 323 2992 cuti
344 2925 460 3010 gladiis
481 2945 631 3010 magnam
653 2931 776 3009 partem
799 2945 906 2990 eorum
927 2923 1112 3009 impeditam
1131 2924 1293 2990 interfece-

223 3035 341 3096 arunt.
378 3028 440 3112 ipsi
462 3029 595 3094 transire
616 3026 733 3093 flumen
755 3047 819 3093 non
842 3027 1067 3092 dubitauerunt
1089 3033 1120 3092 et
1141 3027 1293 3092 inlocum

261 3131 402 3214 iniquum
432 3131 589 3216 progressi
619 3150 725 3196 rursus
748 3131 929 3196 resistentes
951 3129 1058 3194 hostes
1080 3129 1293 3213 redintegrato

224 3258 242 3303 e
260 3233 379 3320 proelio
400 3233 435 3298 in
457 3233 566 3318 fugem
582 3233 790 3299 coniecerunt.
824 3234 901 3298 item
916 3233 980 3297 alia
994 3233 1028 3296 in
1043 3238 1133 3316 parte
1148 3231 1294 3296 diversae

261 3336 343 3402 duae
363 3337 515 3421 legiones,
538 3335 705 3401 undecima
728 3342 760 3402 et
781 3342 904 3417 octava,
934 3334 1111 3420 profligatis
1132 3334 1294 3401 Viroman-

261 3440 342 3523 duis,
372 3441 557 3522 quibuscum
587 3445 677 3504 erant
709 3439 878 3523 congressi,
911 3457 952 3502 ex
980 3438 1049 3503 loeo
1079 3436 1293 3522 superiorein

226 3543 338 3628 cipsIs
359 3542 498 3607 fiuminIs
520 3543 596 3626 ripIs
617 3541 860 3626 proeliabantnr.
905 3547 939 3605 at
965 3541 1039 3606 totIs
1061 3540 1127 3605 lere
1149 3560 1170 3604 a
1191 3539 1294 3605 fronte

262 3655 293 3712 et
314 3645 356 3712 ab
379 3645 507 3712 sinistra
528 3651 617 3730 parte
639 3643 767 3710 nudatis
790 3643 910 3724 castris,
934 3663 1005 3708 oum
1020 3643 1054 3708 in
1069 3642 1182 3708 dextro
1198 3661 1295 3708 cornu

261 3749 344 3834 legio
366 3747 553 3815 duodecima
575 3754 606 3813 et
628 3767 691 3812 non
713 3767 829 3832 magno
851 3747 892 3812 ab
916 3766 954 3810 ea
976 3746 1140 3812 intervallo
1160 3745 1296 3830 septima

208 3890 209 3894 =
261 3854 462 3934 constitisset,
497 3870 606 3917 omncs
639 3849 751 3915 Nervii
785 3848 1012 3916 confertissimo
1049 3848 1177 3932 agmine
1215 3846 1295 3913 duce
