2960 4192
293 260 354 326 206
628 273 677 326 DE
695 271 811 326 BELLO
829 269 992 326 GALLICO

256 447 419 518 aconsilio
442 450 664 531 permanerent
693 443 851 529 oppidani.
898 462 1030 527 quorum
1052 442 1112 510 etsi
1133 442 1326 527 paucitatem

292 549 522 632 contemnebat,
546 555 652 612 tamen
675 547 881 632 pertinaciam
903 567 1020 630 magna
1041 565 1145 630 poena
1167 534 1236 611 esse
1258 544 1327 609 afti-

237 690 240 696 ,
292 653 437 720 ciendam
466 651 637 735 iudicabat,
668 669 709 716 ne
739 650 888 714 universa
918 649 1020 714 Gallia
1053 668 1117 714 non
1150 648 1211 714 sibi
1241 649 1326 714 vires

292 755 430 821 defuisse
452 754 494 820 ad
516 753 727 822 resistendum
749 752 909 837 Romanis,
934 750 992 817 sed
1007 751 1215 817 constantiam
1237 757 1325 836 puta-

291 865 347 944 ret,
372 878 453 924 neve
475 858 536 924 hoc
558 858 704 942 exemplo
727 862 851 921 ceterae
874 855 1017 920 civitates
1047 855 1185 920 locorum
1214 875 1325 940 oppor-

257 983 273 1030 a
292 963 426 1028 tunitatc
448 962 548 1028 fretae
571 981 605 1026 se
621 959 818 1025 vindicarent
833 959 866 1023 in
881 959 1068 1043 libertatem,
1092 979 1163 1024 cum
1178 959 1325 1024 omnibus

292 1067 390 1132 Gallis
412 1071 520 1131 notum
545 1085 615 1130 esse
637 1064 739 1148 sciret,
763 1063 917 1145 reliquam
947 1081 1017 1128 esse
1046 1081 1142 1141 unam
1171 1067 1324 1127 aestatem

291 1189 367 1234 suae
396 1168 588 1253 provinciae,
620 1187 715 1249 quam
744 1166 772 1232 si
801 1165 957 1231 sustinere
985 1164 1169 1250 potuissent,
1204 1165 1324 1231 nullum

257 1272 374 1342 cultra
395 1271 569 1356 perieulum
591 1275 782 1335 vererentur.
817 1269 924 1352 itaque
947 1267 985 1346 Q.
1010 1269 1162 1336 Calenum
1184 1269 1324 1354 legatum

292 1395 363 1440 cum
388 1375 565 1458 legionibus
595 1373 729 1456 reliquit,
760 1373 813 1457 qui
841 1373 932 1438 iustis
960 1372 1125 1438 itineribus
1154 1374 1324 1456 subseque-

291 1485 388 1564 retur;
411 1477 480 1563 ipse
503 1477 674 1543 cumomni
697 1477 838 1560 equitatu
860 1496 954 1559 quam
976 1481 1079 1560 potest
1098 1475 1259 1542 celerrime
1281 1476 1324 1541 ad

292 1581 459 1648 Caninium
482 1579 651 1646 contendit.

259 1705 272 1754 r
393 1685 460 1748 XL.
508 1685 587 1750 Cum
619 1689 727 1748 contra
756 1683 1022 1767 exspectationem
1046 1683 1183 1748 omniurn
1207 1684 1323 1750 Caesar

292 1788 525 1854 Uxellodunum
539 1787 680 1853 venisset
695 1785 908 1871 oppidumque
926 1786 1073 1870 operibus
1096 1787 1237 1852 clausum
1258 1789 1327 1852 ani»

290 1891 501 1957 madverteret
527 1909 630 1974 neque
660 1892 700 1956 ab
732 1890 966 1974 oppugnatione
988 1888 1094 1980 recedi
1116 1889 1238 1956 videret
1259 1892 1323 1956 ulla

292 1994 475 2061 condicione
497 2013 599 2078 posse,
622 2014 739 2077 magna
753 2000 858 2056 autem
878 1993 969 2076 copia
991 1991 1138 2058 frumenti
1160 1993 1322 2060 abundare

290 2097 465 2184 oppidanos
488 2118 529 2163 ex
551 2097 692 2182 perfugis
709 2101 883 2180 cognosset,
905 2116 990 2179 aqua
1009 2095 1177 2181 prohibere
1194 2096 1322 2164 bostem

256 2208 444 2286 atemptare
467 2201 577 2284 coepit.
605 2200 722 2265 flumen
743 2199 884 2264 infimam
907 2199 1022 2264 vallem
1044 2197 1216 2284 dividebat,
1241 2221 1321 2284 quae

291 2311 388 2370 totum
410 2324 513 2389 paene
535 2309 674 2368 montem
690 2303 847 2387 cingebat,
871 2302 904 2366 in
920 2323 981 2385 quo
996 2302 1136 2387 positum
1148 2311 1215 2368 erat
1233 2325 1321 2389 prae-

256 2415 415 2492 aruptum
448 2406 587 2488 undique
620 2404 771 2490 oppidum
801 2405 1043 2472 Uxellodunum
1089 2405 1149 2472 hoc
1178 2413 1321 2474 avertere

289 2510 349 2576 loci
381 2516 493 2575 natura
525 2509 726 2594 prohibebat:
759 2509 793 2574 in
826 2508 942 2574 infimis
976 2509 1060 2574 enim
1087 2510 1134 2574 sic
1162 2509 1338 2578 radicibus.

290 2613 652 2698 montisfe1·ebatur,ut
681 2613 799 2678 nullam
828 2613 861 2677 in
890 2618 1012 2697 partem
1041 2612 1198 2698 depressis
1227 2613 1321 2682 fossis

255 2737 272 2785 4
290 2717 425 2782 derivari
446 2724 561 2802 posset.
608 2723 674 2782 erat
696 2722 801 2780 autem
824 2715 991 2800 oppidanis
1014 2715 1151 2782 difficilis
1173 2723 1205 2782 et
1233 2739 1321 2802 prae-

289 2826 398 2904 ruptus
421 2840 457 2885 eo
481 2820 661 2902 descensus,
685 2826 720 2884 ut
741 2818 979 2902 prohibentibus
1001 2818 1114 2884 nostris
1129 2819 1198 2885 sine
1213 2821 1320 2887 vulne-

289 2925 375 2990 ribus
397 2944 435 2989 ac
456 2925 594 3008 periculo
616 2925 701 2989 vitae
723 2943 826 3006 neque
848 2923 936 2988 adire
958 2923 1075 2989 flumen
1097 2944 1200 3008 neque
1221 2927 1320 2993 arduo

255 3047 324 3096 sse
345 3027 485 3111 recipere
507 3033 636 3111 possent
657 3046 799 3092 ascensu.
846 3047 908 3110 qua
934 3025 1250 3094 difficultateeorum
1272 3051 1320 3096 oo·

289 3129 379 3213 gnita
408 3129 525 3195 Caesar
557 3130 728 3214 sagittariis
757 3128 1030 3212 funditoribusque
1059 3129 1240 3216 dispositis„
1262 3138 1321 3198 tor·

289 3232 403 3296 mentis
425 3233 520 3296 etiam
537 3232 725 3316 quibusdam
747 3233 823 3298 locis
846 3238 955 3297 contra
969 3232 1133 3300 facillimos
1148 3232 1320 3301 descensus

290 3334 455 3416 collocatis,
478 3355 561 3418 aqua
582 3336 721 3402 fluminis
743 3335 930 3420 prohibebat
952 3336 1134 3422 oppidanos.

258 3461 270 3506 1
392 3438 477 3502 XLI.
523 3437 660 3515 Quorum
683 3439 784 3505 omnis
806 3445 915 3524 postea
944 3441 1109 3524 multitudo
1135 3450 1319 3526 aquatorum

288 3540 442 3606 nnumin
464 3541 566 3607 locum
593 3542 803 3607 conveniebat
833 3543 891 3607 sub
921 3541 1020 3626 ipsius
1050 3542 1158 3628 oppidi
1186 3567 1319 3631 murum,

288 3644 343 3710 ubi
369 3663 503 3727 magnus
526 3644 596 3710 fons
619 3664 721 3727 aquae
742 3647 965 3729 prorumpebat
987 3647 1028 3712 ab
1052 3667 1091 3712 ca
1112 3655 1211 3734 parte,
1239 3671 1320 3735 quac

289 3747 355 3811 fere
377 3746 494 3830 pedum
510 3753 719 3812 trecentorum
741 3747 906 3812 intervallo
921 3746 1058 3815 fluminis
1081 3751 1211 3818 circuitu
1230 3774 1320 3819 vaca·

256 3849 354 3916 abat.
391 3848 451 3911 boc
477 3848 563 3914 fonte
589 3851 747 3933 prohiberi
769 3869 862 3934 posse
884 3849 1059 3935 oppidanos
1082 3873 1153 3919 cum
1175 3863 1320 3941 optarent
