2966 4196
298 198 338 262 78
631 213 681 267 DE
698 212 814 267 BELLO
833 211 995 268 GALLIGO
1095 213 1097 219 ’

255 393 364 456 arent
386 392 418 452 et
441 405 537 470 equos
559 383 751 450 insuefactos
772 384 948 450 incitarent.
981 385 1094 468 quibus
1115 385 1211 451 rebus
1230 386 1326 450 nostri

293 489 449 575 perterriti
478 494 574 571 atque
603 487 696 552 huius
726 487 853 553 omnino
882 487 1008 570 generis
1038 507 1165 572 pugnae
1192 488 1327 572 imperiti

293 612 356 657 non
385 590 495 656 eadem
524 590 685 655 alacritate
711 609 750 654 ac
779 587 891 674 studio,
923 609 984 672 qno
1006 590 1039 654 in
1062 588 1262 674 pedestribus
1284 590 1327 655 uti

293 694 419 780 proeliis
442 699 639 776 consuerant,
662 694 840 758 utebantur.

259 818 273 867 r
397 796 499 862 XXV.
546 793 637 872 Quod
659 795 715 860 ubi
738 795 855 860 Caesar
877 793 1108 879 animadvertit,
1137 815 1236 861 naves
1267 796 1330 860 lon-

293 919 361 985 gas,
386 919 516 983 quarum
540 905 572 964 et
594 897 716 983 species
739 904 806 962 erat
828 897 970 962 barbaris
988 898 1165 963 inusitatior
1181 905 1212 963 et
1226 905 1329 964 motus

293 1001 333 1068 ad
358 1021 449 1068 nsum
472 1000 658 1087 expeditior,
680 1001 808 1085 paulum
832 1000 985 1066 removeri
1007 1002 1048 1066 ab
1072 1002 1222 1067 onerariis
1243 1002 1347 1067 navi·

293 1105 353 1171 bus
382 1111 414 1170 et
442 1105 537 1170 remis
565 1104 690 1168 incitari
712 1102 806 1168 etad
828 1103 911 1169 latus
933 1109 1076 1188 apertum
1100 1103 1235 1170 hostium
1260 1124 1330 1170 con-

294 1208 380 1274 stitui
410 1214 505 1292 atque
534 1206 609 1272 inde
639 1206 756 1290 fundis,
784 1207 916 1292 sagittis,
947 1207 1110 1272 tormentis
1133 1207 1239 1273 hostes
1261 1229 1330 1293 pro

294 1311 367 1396 pelli
397 1330 436 1375 ac
462 1309 640 1376 submoveri
668 1309 774 1394 inssit3
805 1329 886 1394 qnae
912 1329 963 1376 res
985 1330 1101 1394 magno
1123 1311 1191 1375 usui
1214 1311 1329 1377 nostris

256 1434 276 1482 a
294 1413 362 1479 suit.
392 1434 467 1478 nam
490 1419 522 1478 et
543 1413 672 1478 navium
688 1412 790 1496 figura
813 1420 845 1478 et
859 1431 1014 1478 remorum
1030 1420 1116 1478 motu
1133 1419 1164 1479 et
1179 1414 1329 1478 inusitato

294 1536 410 1600 genere
432 1522 654 1582 tormentorum
677 1515 810 1600 permoti
832 1516 959 1582 barbari
982 1517 1188 1582 constiterunt
1203 1536 1241 1582 ac
1255 1537 1330 1601 pau-

255 1620 358 1687 alnm
391 1618 484 1684 modo
517 1618 632 1704 pedem
665 1619 847 1683 retulemnt.
893 1625 988 1702 atque
1024 1620 1139 1685 nostris
1176 1620 1329 1685 militibus

294 1723 524 1806 cunctantibus,
547 1722 686 1786 maxime
708 1728 836 1806 propter
857 1721 1056 1787 altitudinem
1079 1722 1186 1807 maris,
1210 1723 1262 1805 qui
1279 1722 1329 1788 de-

295 1825 394 1889 cimae
421 1825 555 1910 legionis
581 1824 719 1908 aquilam
746 1823 878 1907 ferebat,
906 1831 1100 1890 contestatus
1122 1824 1207 1909 deos,
1233 1830 1268 1890 ut
1291 1845 1329 1890 ea

294 1947 345 1994 res
376 1928 494 2012 legioni
527 1927 661 1993 feliciter
694 1927 848 1992 eveniret:
884 1926 1021 2004 desilite,
1052 1927 1163 2011 inquit,
1198 1928 1328 2006 milites,

293 2030 361 2093 nisi
389 2030 491 2094 cultis
521 2029 670 2116 aquilum
700 2028 844 2092 hostibus
863 2030 1021 2115 prodere:
1044 2051 1096 2116 epo
1120 2041 1201 2094 certe
1224 2053 1329 2094 meum

256 2154 276 2200 4
296 2131 497 2218 reipublicae
520 2143 615 2218 atque
638 2131 835 2217 imperatori
857 2131 1003 2216 officiam
1021 2135 1229 2218 praestitero.
1268 2133 1329 2199 hoc

295 2255 365 2299 cum
388 2255 465 2300 voce
487 2255 606 2320 magna
627 2233 770 2318 dixisset,
794 2254 828 2300 se
852 2254 892 2299 ex
915 2235 989 2299 navi
1020 2236 1151 2319 proiecit
1176 2243 1273 2321 atque
1294 2237 1328 2302 in

256 2337 401 2408 chastes
423 2337 561 2420 aquilam
584 2336 666 2402 ferre
689 2337 800 2420 coepit.
848 2342 914 2401 tum
937 2339 1035 2403 nostri
1066 2338 1217 2405 cohortati
1246 2340 1330 2406 inter

294 2461 339 2525 se,
369 2460 410 2505 ne
439 2446 562 2504 tantum
589 2439 727 2504 dedecus
758 2438 984 2523 admitteretur,
1014 2441 1153 2508 universi
1182 2464 1222 2508 ex
1253 2445 1328 2508 navi

256 2543 495 2612 adesiluerunt.
541 2541 599 2608 hos
631 2543 706 2606 item
741 2563 782 2608 ex
815 2543 967 2628 proximis
994 2545 1128 2610 navibus
1158 2565 1229 2611 cum
1259 2567 1329 2612 con·

295 2647 484 2732 spexissent,
508 2644 667 2712 subsecuti
690 2644 833 2711 hostibus
855 2647 1155 2730 appropinquarunt.

261 2772 272 2817 a
396 2749 515 2814 XXVI.
560 2749 737 2833 Pugnatum
762 2754 810 2813 est
832 2750 872 2815 ab
895 2749 1035 2832 utrisque
1061 2750 1182 2816 acriter.
1230 2754 1326 2817 nostri

295 2860 409 2938 tamen,
438 2851 521 2936 quod
547 2872 650 2936 neque
677 2852 803 2917 ordines
830 2873 957 2918 servare
979 2873 1082 2936 neque
1105 2853 1235 2920 firmiter
1255 2855 1328 2921 insi-

294 2961 377 3022 stere
398 2975 502 3038 neque
525 2956 616 3039 signa
637 2954 787 3038 subsequi
809 2960 964 3040 poterant,
987 2962 1082 3039 atque
1097 2957 1177 3022 alius
1200 2958 1263 3022 alia
1286 2979 1326 3023 ex

294 3059 383 3140 navi,
414 3059 661 3142 quibuscumque
694 3058 794 3142 signis
828 3065 1019 3143 occurrerat,
1053 3079 1088 3125 se
1120 3063 1326 3146 aggregabat,

255 3162 484 3246 amag'nopere
514 3162 791 3248 perturbabantur3
820 3161 927 3228 hostes
956 3183 1041 3245 vero,
1072 3163 1154 3229 notis
1181 3165 1327 3230 omnibus

294 3265 393 3350 vedis,
417 3265 471 3330 ubi
494 3285 534 3329 ex
557 3266 647 3330 litore
670 3266 790 3348 aliquos
813 3265 988 3349 singulares
1012 3286 1053 3330 ex
1075 3267 1150 3331 navi
1167 3267 1327 3352 egredien-

294 3374 342 3434 tes
365 3373 604 3450 conspexerant,
627 3368 765 3433 incitatis
788 3368 876 3451 equis
903 3367 1070 3452 impeditos
1092 3369 1325 3455 adoriebantur,

258 3471 399 3556 aplures
428 3489 545 3554 paucos
576 3470 854 3551 circumsistebant,
885 3471 938 3535 alii
969 3473 1010 3536 ab
1040 3473 1138 3538 latere
1160 3479 1269 3557 aperto
1291 3475 1325 3540 in

255 3574 457 3643 anniversos
486 3573 550 3637 tela
579 3573 785 3638 coniciebant.
831 3572 915 3656 quod
945 3592 1015 3638 cnm
1049 3575 1325 3642 animadvertisset

296 3677 422 3758 Caesar,
446 3674 580 3759 scaphas
602 3675 765 3758 longarum
787 3677 925 3758 navium,
950 3677 1025 3740 item
1042 3679 1250 3761 speculatoria
1271 3701 1325 3744 na·

295 3779 381 3863 vigia
410 3778 560 3843 militibus
591 3778 739 3860 compleri
770 3779 859 3843 iussit
882 3785 922 3859 et,
954 3798 1031 3861 quos
1053 3781 1231 3847 laborantes
1254 3803 1325 3848 con-
