<?xml version="1.0" encoding="UTF-8"?>
<!DOCTYPE html PUBLIC "-//W3C//DTD XHTML 1.0 Transitional//EN"
    "http://www.w3.org/TR/xhtml1/DTD/xhtml1-transitional.dtd">
<html xmlns="http://www.w3.org/1999/xhtml" xml:lang="en" lang="en">
 <head>
  <title>
</title>
<meta http-equiv="Content-Type" content="text/html;charset=utf-8" />
  <meta name='ocr-system' content='tesseract 3.04.00' />
  <meta name='ocr-capabilities' content='ocr_page ocr_carea ocr_par ocr_line ocrx_word'/>
</head>
<body>
  <div class='ocr_page' id='page_1' title='image "./commentariidebe00pramgoog_0076.png"; bbox 0 0 2936 4192; ppageno 0'>
   <div class='ocr_carea' id='block_1_1' title="bbox 395 172 1161 252">
    <p class='ocr_par' dir='ltr' id='par_1_1' title="bbox 395 172 1161 252">
     <span class='ocr_line' id='line_1_1' title="bbox 395 172 1161 252; baseline -0.01 0"><span class='ocrx_word' id='word_1_1' title='bbox 395 196 501 252; x_wconf 90' lang='lat' dir='ltr'>eonn.</span> <span class='ocrx_word' id='word_1_2' title='bbox 514 197 565 251; x_wconf 90' lang='lat'><em>111.</em></span> <span class='ocrx_word' id='word_1_3' title='bbox 584 196 666 252; x_wconf 77' lang='lat' dir='ltr'>cnr.</span> <span class='ocrx_word' id='word_1_4' title='bbox 679 172 906 252; x_wconf 72' lang='lat' dir='ltr'>xmrr-xxn&#39;.</span> <span class='ocrx_word' id='word_1_5' title='bbox 1119 182 1161 245; x_wconf 83' lang='lat'>61</span> 
     </span>
    </p>
   </div>
   <div class='ocr_carea' id='block_1_2' title="bbox 137 367 1201 1573">
    <p class='ocr_par' dir='ltr' id='par_1_2' title="bbox 137 367 1201 1573">
     <span class='ocr_line' id='line_1_2' title="bbox 137 367 1167 454; baseline 0.002 -22"><span class='ocrx_word' id='word_1_6' title='bbox 137 367 298 451; x_wconf 89' lang='lat' dir='ltr'>regionum</span> <span class='ocrx_word' id='word_1_7' title='bbox 326 367 491 433; x_wconf 89' lang='lat' dir='ltr'>latitudine</span> <span class='ocrx_word' id='word_1_8' title='bbox 517 375 549 433; x_wconf 92' lang='lat' dir='ltr'>et</span> <span class='ocrx_word' id='word_1_9' title='bbox 575 367 773 434; x_wconf 92' lang='lat' dir='ltr'>multitudine</span> <span class='ocrx_word' id='word_1_10' title='bbox 794 367 956 434; x_wconf 90' lang='lat' dir='ltr'>homiuum</span> <span class='ocrx_word' id='word_1_11' title='bbox 977 369 1070 436; x_wconf 88' lang='lat' dir='ltr'>tertia</span> <span class='ocrx_word' id='word_1_12' title='bbox 1090 389 1167 454; x_wconf 90' lang='lat' dir='ltr'>pars</span> 
     </span>
     <span class='ocr_line' id='line_1_3' title="bbox 138 468 1166 554; baseline 0.002 -20"><span class='ocrx_word' id='word_1_13' title='bbox 138 469 259 534; x_wconf 81' lang='lat' dir='ltr'>Galliae</span> <span class='ocrx_word' id='word_1_14' title='bbox 293 476 340 534; x_wconf 88' lang='lat' dir='ltr'>est</span> <span class='ocrx_word' id='word_1_15' title='bbox 368 468 579 551; x_wconf 87' lang='lat' dir='ltr'>aestimanda,</span> <span class='ocrx_word' id='word_1_16' title='bbox 609 488 680 534; x_wconf 91' lang='lat' dir='ltr'>eum</span> <span class='ocrx_word' id='word_1_17' title='bbox 709 470 919 554; x_wconf 77' lang='lat' dir='ltr'>intellegeret,</span> <span class='ocrx_word' id='word_1_18' title='bbox 949 471 982 536; x_wconf 92' lang='lat' dir='ltr'>in</span> <span class='ocrx_word' id='word_1_19' title='bbox 1015 471 1054 536; x_wconf 91' lang='lat' dir='ltr'>iis</span> <span class='ocrx_word' id='word_1_20' title='bbox 1086 472 1166 536; x_wconf 91' lang='lat' dir='ltr'>loois</span> 
     </span>
     <span class='ocr_line' id='line_1_4' title="bbox 137 570 1165 656; baseline 0.001 -19"><span class='ocrx_word' id='word_1_21' title='bbox 137 571 198 637; x_wconf 92' lang='lat' dir='ltr'>sibi</span> <span class='ocrx_word' id='word_1_22' title='bbox 230 572 347 637; x_wconf 88' lang='lat' dir='ltr'>bellum</span> <span class='ocrx_word' id='word_1_23' title='bbox 380 570 562 654; x_wconf 90' lang='lat' dir='ltr'>gerendum,</span> <span class='ocrx_word' id='word_1_24' title='bbox 592 571 647 639; x_wconf 93' lang='lat' dir='ltr'>ubi</span> <span class='ocrx_word' id='word_1_25' title='bbox 679 572 789 656; x_wconf 88' lang='lat' dir='ltr'>pauois</span> <span class='ocrx_word' id='word_1_26' title='bbox 816 578 892 637; x_wconf 90' lang='lat' dir='ltr'>ante</span> <span class='ocrx_word' id='word_1_27' title='bbox 923 573 1016 638; x_wconf 90' lang='lat' dir='ltr'>annis</span> <span class='ocrx_word' id='word_1_28' title='bbox 1047 574 1165 638; x_wconf 89' lang='lat' dir='ltr'>Luoius</span> 
     </span>
     <span class='ocr_line' id='line_1_5' title="bbox 137 673 1165 759; baseline 0.002 -21"><span class='ocrx_word' id='word_1_29' title='bbox 137 673 282 738; x_wconf 87' lang='lat' dir='ltr'>Valerius</span> <span class='ocrx_word' id='word_1_30' title='bbox 302 673 514 739; x_wconf 80' lang='lat' dir='ltr'>Praeconinus</span> <span class='ocrx_word' id='word_1_31' title='bbox 543 674 666 756; x_wconf 88' lang='lat' dir='ltr'>legatus</span> <span class='ocrx_word' id='word_1_32' title='bbox 695 675 835 739; x_wconf 81' lang='lat' dir='ltr'>exercitu</span> <span class='ocrx_word' id='word_1_33' title='bbox 864 675 953 759; x_wconf 90' lang='lat' dir='ltr'>pulso</span> <span class='ocrx_word' id='word_1_34' title='bbox 982 675 1165 740; x_wconf 77' lang='lat' dir='ltr'>interfectus</span> 
     </span>
     <span class='ocr_line' id='line_1_6' title="bbox 138 773 1164 861; baseline 0.001 -21"><span class='ocrx_word' id='word_1_35' title='bbox 138 781 230 856; x_wconf 89' lang='lat' dir='ltr'>esset,</span> <span class='ocrx_word' id='word_1_36' title='bbox 252 781 348 856; x_wconf 92' lang='lat' dir='ltr'>atque</span> <span class='ocrx_word' id='word_1_37' title='bbox 376 773 460 839; x_wconf 89' lang='lat' dir='ltr'>unde</span> <span class='ocrx_word' id='word_1_38' title='bbox 481 775 597 840; x_wconf 90' lang='lat' dir='ltr'>Luoius</span> <span class='ocrx_word' id='word_1_39' title='bbox 621 775 743 840; x_wconf 89' lang='lat' dir='ltr'>Mallius</span> <span class='ocrx_word' id='word_1_40' title='bbox 771 777 936 860; x_wconf 89' lang='lat' dir='ltr'>prooonsul</span> <span class='ocrx_word' id='word_1_41' title='bbox 964 777 1164 861; x_wconf 90' lang='lat' dir='ltr'>impedimen-</span> 
     </span>
     <span class='ocr_line' id='line_1_7' title="bbox 137 875 1164 962; baseline 0 -20"><span class='ocrx_word' id='word_1_42' title='bbox 137 877 177 942; x_wconf 92' lang='lat' dir='ltr'>tis</span> <span class='ocrx_word' id='word_1_43' title='bbox 206 877 331 941; x_wconf 89' lang='lat' dir='ltr'>amissis</span> <span class='ocrx_word' id='word_1_44' title='bbox 359 875 557 961; x_wconf 83' lang='lat' dir='ltr'>profugisset,</span> <span class='ocrx_word' id='word_1_45' title='bbox 583 896 647 942; x_wconf 91' lang='lat' dir='ltr'>non</span> <span class='ocrx_word' id='word_1_46' title='bbox 669 876 856 942; x_wconf 79' lang='lat' dir='ltr'>mediocrem</span> <span class='ocrx_word' id='word_1_47' title='bbox 879 877 939 943; x_wconf 91' lang='lat' dir='ltr'>sibi</span> <span class='ocrx_word' id='word_1_48' title='bbox 968 878 1164 962; x_wconf 84' lang='lat' dir='ltr'>diligentiam</span> 
     </span>
     <span class='ocr_line' id='line_1_8' title="bbox 137 975 1200 1064; baseline 0.004 -21"><span class='ocrx_word' id='word_1_49' title='bbox 137 977 351 1043; x_wconf 83' lang='lat' dir='ltr'>adhibendam</span> <span class='ocrx_word' id='word_1_50' title='bbox 384 978 542 1044; x_wconf 90' lang='lat' dir='ltr'>oensebat.</span> <span class='ocrx_word' id='word_1_51' title='bbox 594 975 711 1061; x_wconf 82' lang='lat' dir='ltr'>itaque</span> <span class='ocrx_word' id='word_1_52' title='bbox 729 997 763 1044; x_wconf 91' lang='lat' dir='ltr'>re</span> <span class='ocrx_word' id='word_1_53' title='bbox 795 979 999 1044; x_wconf 77' lang='lat' dir='ltr'>frumentaria</span> <span class='ocrx_word' id='word_1_54' title='bbox 1026 979 1200 1064; x_wconf 75' lang='lat' dir='ltr'>provisae</span> 
     </span>
     <span class='ocr_line' id='line_1_9' title="bbox 137 1080 1163 1165; baseline 0.002 -20"><span class='ocrx_word' id='word_1_55' title='bbox 137 1080 264 1145; x_wconf 82' lang='lat' dir='ltr'>auxiliis</span> <span class='ocrx_word' id='word_1_56' title='bbox 297 1080 499 1164; x_wconf 88' lang='lat' dir='ltr'>equitatuque</span> <span class='ocrx_word' id='word_1_57' title='bbox 533 1086 720 1164; x_wconf 78' lang='lat' dir='ltr'>comparato,</span> <span class='ocrx_word' id='word_1_58' title='bbox 754 1081 859 1146; x_wconf 88' lang='lat' dir='ltr'>multis</span> <span class='ocrx_word' id='word_1_59' title='bbox 891 1087 1055 1165; x_wconf 90' lang='lat' dir='ltr'>praeterea</span> <span class='ocrx_word' id='word_1_60' title='bbox 1087 1081 1163 1147; x_wconf 88' lang='lat' dir='ltr'>viris</span> 
     </span>
     <span class='ocr_line' id='line_1_10' title="bbox 137 1181 1163 1264; baseline 0.002 -18"><span class='ocrx_word' id='word_1_61' title='bbox 137 1181 270 1248; x_wconf 87' lang='lat' dir='ltr'>fortibus</span> <span class='ocrx_word' id='word_1_62' title='bbox 291 1183 405 1247; x_wconf 81' lang='lat' dir='ltr'>Tolosa</span> <span class='ocrx_word' id='word_1_63' title='bbox 433 1188 465 1248; x_wconf 89' lang='lat' dir='ltr'>et</span> <span class='ocrx_word' id='word_1_64' title='bbox 486 1182 645 1264; x_wconf 86' lang='lat' dir='ltr'>Narbone,</span> <span class='ocrx_word' id='word_1_65' title='bbox 676 1190 851 1264; x_wconf 88' lang='lat' dir='ltr'>quaesunt</span> <span class='ocrx_word' id='word_1_66' title='bbox 878 1184 1020 1250; x_wconf 80' lang='lat' dir='ltr'>civitates</span> <span class='ocrx_word' id='word_1_67' title='bbox 1043 1183 1163 1250; x_wconf 80' lang='lat' dir='ltr'>Galliae</span> 
     </span>
     <span class='ocr_line' id='line_1_11' title="bbox 137 1283 1164 1368; baseline 0.004 -20"><span class='ocrx_word' id='word_1_68' title='bbox 137 1283 318 1368; x_wconf 80' lang='lat' dir='ltr'>provintiae</span> <span class='ocrx_word' id='word_1_69' title='bbox 346 1283 497 1348; x_wconf 88' lang='lat' dir='ltr'>finitimae</span> <span class='ocrx_word' id='word_1_70' title='bbox 526 1283 576 1349; x_wconf 89' lang='lat' dir='ltr'>his</span> <span class='ocrx_word' id='word_1_71' title='bbox 603 1285 792 1368; x_wconf 89' lang='lat' dir='ltr'>regionibus,</span> <span class='ocrx_word' id='word_1_72' title='bbox 820 1285 1004 1352; x_wconf 90' lang='lat' dir='ltr'>nominatim</span> <span class='ocrx_word' id='word_1_73' title='bbox 1027 1286 1164 1352; x_wconf 83' lang='lat' dir='ltr'>evocatis</span> 
     </span>
     <span class='ocr_line' id='line_1_12' title="bbox 137 1385 1201 1456; baseline 0.006 -6"><span class='ocrx_word' id='word_1_74' title='bbox 137 1386 170 1450; x_wconf 94' lang='lat' dir='ltr'>in</span> <span class='ocrx_word' id='word_1_75' title='bbox 193 1385 370 1453; x_wconf 84' lang='lat' dir='ltr'>Sentiatum</span> <span class='ocrx_word' id='word_1_76' title='bbox 391 1385 472 1450; x_wconf 89' lang='lat' dir='ltr'>fines</span> <span class='ocrx_word' id='word_1_77' title='bbox 494 1385 666 1450; x_wconf 87' lang='lat' dir='ltr'>exereitum</span> <span class='ocrx_word' id='word_1_78' title='bbox 687 1386 869 1452; x_wconf 84' lang='lat' dir='ltr'>introduxit.</span> <span class='ocrx_word' id='word_1_79' title='bbox 915 1388 1003 1454; x_wconf 89' lang='lat' dir='ltr'>ouius</span> <span class='ocrx_word' id='word_1_80' title='bbox 1024 1387 1201 1456; x_wconf 76' lang='lat' dir='ltr'>adventuo</span> 
     </span>
     <span class='ocr_line' id='line_1_13' title="bbox 138 1487 1163 1573; baseline 0.001 -19"><span class='ocrx_word' id='word_1_81' title='bbox 138 1488 264 1572; x_wconf 87' lang='lat' dir='ltr'>eognito</span> <span class='ocrx_word' id='word_1_82' title='bbox 286 1488 444 1555; x_wconf 86' lang='lat' dir='ltr'>Sentiates</span> <span class='ocrx_word' id='word_1_83' title='bbox 464 1487 589 1570; x_wconf 91' lang='lat' dir='ltr'>magnis</span> <span class='ocrx_word' id='word_1_84' title='bbox 611 1487 707 1571; x_wconf 89' lang='lat' dir='ltr'>oopiis</span> <span class='ocrx_word' id='word_1_85' title='bbox 727 1489 841 1553; x_wconf 85' lang='lat' dir='ltr'>ooaotis</span> <span class='ocrx_word' id='word_1_86' title='bbox 868 1489 1078 1573; x_wconf 88' lang='lat' dir='ltr'>equitatuque,</span> <span class='ocrx_word' id='word_1_87' title='bbox 1102 1510 1163 1573; x_wconf 91' lang='lat' dir='ltr'>qno</span> 
     </span>
    </p>
   </div>
   <div class='ocr_carea' id='block_1_3' title="bbox 138 1588 1292 1674">
    <p class='ocr_par' dir='ltr' id='par_1_3' title="bbox 138 1588 1292 1674">
     <span class='ocr_line' id='line_1_14' title="bbox 138 1588 1292 1674; baseline 0.001 -20"><span class='ocrx_word' id='word_1_88' title='bbox 138 1590 307 1674; x_wconf 89' lang='lat' dir='ltr'>plurimum</span> <span class='ocrx_word' id='word_1_89' title='bbox 339 1590 499 1670; x_wconf 87' lang='lat' dir='ltr'>valebant,</span> <span class='ocrx_word' id='word_1_90' title='bbox 532 1589 565 1652; x_wconf 93' lang='lat' dir='ltr'>in</span> <span class='ocrx_word' id='word_1_91' title='bbox 598 1588 710 1653; x_wconf 88' lang='lat' dir='ltr'>itinere</span> <span class='ocrx_word' id='word_1_92' title='bbox 742 1609 856 1671; x_wconf 89' lang='lat' dir='ltr'>agmen</span> <span class='ocrx_word' id='word_1_93' title='bbox 889 1597 1029 1656; x_wconf 89' lang='lat' dir='ltr'>nostrum</span> <span class='ocrx_word' id='word_1_94' title='bbox 1061 1590 1162 1656; x_wconf 91' lang='lat' dir='ltr'>adorti</span> <span class='ocrx_word' id='word_1_95' title='bbox 1291 1609 1292 1613; x_wconf 45' lang='lat'>¹</span> 
     </span>
    </p>
   </div>
   <div class='ocr_carea' id='block_1_4' title="bbox 102 1689 1201 3812">
    <p class='ocr_par' dir='ltr' id='par_1_4' title="bbox 102 1689 1201 3812">
     <span class='ocr_line' id='line_1_15' title="bbox 138 1689 1201 1776; baseline 0.001 -19"><span class='ocrx_word' id='word_1_96' title='bbox 138 1693 273 1776; x_wconf 88' lang='lat' dir='ltr'>primurn</span> <span class='ocrx_word' id='word_1_97' title='bbox 295 1698 438 1774; x_wconf 87' lang='lat' dir='ltr'>equestre</span> <span class='ocrx_word' id='word_1_98' title='bbox 458 1690 610 1775; x_wconf 89' lang='lat' dir='ltr'>proelium</span> <span class='ocrx_word' id='word_1_99' title='bbox 632 1689 859 1772; x_wconf 77' lang='lat' dir='ltr'>commiserunt,</span> <span class='ocrx_word' id='word_1_100' title='bbox 886 1691 1000 1757; x_wconf 87' lang='lat' dir='ltr'>deinde</span> <span class='ocrx_word' id='word_1_101' title='bbox 1022 1692 1162 1774; x_wconf 88' lang='lat' dir='ltr'>equitatu</span> <span class='ocrx_word' id='word_1_102' title='bbox 1179 1714 1201 1760; x_wconf 75' lang='lat' dir='ltr'>a</span> 
     </span>
     <span class='ocr_line' id='line_1_16' title="bbox 139 1791 1162 1878; baseline 0 -20"><span class='ocrx_word' id='word_1_103' title='bbox 139 1813 196 1858; x_wconf 90' lang='lat' dir='ltr'>suo</span> <span class='ocrx_word' id='word_1_104' title='bbox 224 1794 314 1878; x_wconf 88' lang='lat' dir='ltr'>pulso</span> <span class='ocrx_word' id='word_1_105' title='bbox 342 1799 438 1874; x_wconf 89' lang='lat' dir='ltr'>atque</span> <span class='ocrx_word' id='word_1_106' title='bbox 465 1791 703 1874; x_wconf 89' lang='lat' dir='ltr'>insequentibus</span> <span class='ocrx_word' id='word_1_107' title='bbox 724 1791 847 1873; x_wconf 90' lang='lat' dir='ltr'>nostris,</span> <span class='ocrx_word' id='word_1_108' title='bbox 877 1792 980 1858; x_wconf 92' lang='lat' dir='ltr'>subito</span> <span class='ocrx_word' id='word_1_109' title='bbox 1000 1793 1162 1877; x_wconf 88' lang='lat' dir='ltr'>pedestres</span> 
     </span>
     <span class='ocr_line' id='line_1_17' title="bbox 140 1892 1161 1979; baseline -0.003 -18"><span class='ocrx_word' id='word_1_110' title='bbox 140 1895 256 1979; x_wconf 87' lang='lat' dir='ltr'>oopias,</span> <span class='ocrx_word' id='word_1_111' title='bbox 279 1913 357 1978; x_wconf 89' lang='lat' dir='ltr'>quas</span> <span class='ocrx_word' id='word_1_112' title='bbox 378 1895 412 1959; x_wconf 90' lang='lat' dir='ltr'>in</span> <span class='ocrx_word' id='word_1_113' title='bbox 435 1894 576 1960; x_wconf 82' lang='lat' dir='ltr'>oonvalle</span> <span class='ocrx_word' id='word_1_114' title='bbox 596 1893 630 1958; x_wconf 90' lang='lat' dir='ltr'>in</span> <span class='ocrx_word' id='word_1_115' title='bbox 651 1892 774 1958; x_wconf 89' lang='lat' dir='ltr'>insidiis</span> <span class='ocrx_word' id='word_1_116' title='bbox 796 1894 1032 1976; x_wconf 86' lang='lat' dir='ltr'>oollooarerant,</span> <span class='ocrx_word' id='word_1_117' title='bbox 1061 1900 1161 1960; x_wconf 88' lang='lat' dir='ltr'>osten·</span> 
     </span>
     <span class='ocr_line' id='line_1_18' title="bbox 140 1993 1159 2079; baseline 0 -18"><span class='ocrx_word' id='word_1_118' title='bbox 140 1997 261 2063; x_wconf 87' lang='lat' dir='ltr'>derunt.</span> <span class='ocrx_word' id='word_1_119' title='bbox 305 1995 339 2060; x_wconf 92' lang='lat' dir='ltr'>hi</span> <span class='ocrx_word' id='word_1_120' title='bbox 361 2002 481 2062; x_wconf 87' lang='lat' dir='ltr'>nostros</span> <span class='ocrx_word' id='word_1_121' title='bbox 503 1995 648 2061; x_wconf 88' lang='lat' dir='ltr'>disieetos</span> <span class='ocrx_word' id='word_1_122' title='bbox 669 1993 770 2060; x_wconf 89' lang='lat' dir='ltr'>adorti</span> <span class='ocrx_word' id='word_1_123' title='bbox 790 1995 941 2079; x_wconf 87' lang='lat' dir='ltr'>proelium</span> <span class='ocrx_word' id='word_1_124' title='bbox 961 2002 1159 2062; x_wconf 86' lang='lat' dir='ltr'>renovarunt.</span> 
     </span>
     <span class='ocr_line' id='line_1_19' title="bbox 242 2097 1195 2182; baseline 0.005 -19"><span class='ocrx_word' id='word_1_125' title='bbox 242 2099 330 2163; x_wconf 84' lang='lat' dir='ltr'>XXI.</span> <span class='ocrx_word' id='word_1_126' title='bbox 375 2099 553 2182; x_wconf 91' lang='lat' dir='ltr'>Pugnatum</span> <span class='ocrx_word' id='word_1_127' title='bbox 582 2103 630 2162; x_wconf 89' lang='lat' dir='ltr'>est</span> <span class='ocrx_word' id='word_1_128' title='bbox 659 2097 713 2162; x_wconf 91' lang='lat' dir='ltr'>diu</span> <span class='ocrx_word' id='word_1_129' title='bbox 733 2103 829 2180; x_wconf 87' lang='lat' dir='ltr'>atque</span> <span class='ocrx_word' id='word_1_130' title='bbox 850 2097 971 2180; x_wconf 90' lang='lat' dir='ltr'>aeriter,</span> <span class='ocrx_word' id='word_1_131' title='bbox 994 2117 1065 2164; x_wconf 87' lang='lat' dir='ltr'>oum</span> <span class='ocrx_word' id='word_1_132' title='bbox 1087 2098 1195 2168; x_wconf 80' lang='lat' dir='ltr'>Son-e</span> 
     </span>
     <span class='ocr_line' id='line_1_20' title="bbox 140 2199 1161 2283; baseline 0.001 -18"><span class='ocrx_word' id='word_1_133' title='bbox 140 2201 234 2266; x_wconf 90' lang='lat' dir='ltr'>tiates</span> <span class='ocrx_word' id='word_1_134' title='bbox 265 2199 475 2283; x_wconf 89' lang='lat' dir='ltr'>superioribus</span> <span class='ocrx_word' id='word_1_135' title='bbox 505 2199 641 2266; x_wconf 87' lang='lat' dir='ltr'>vietoriis</span> <span class='ocrx_word' id='word_1_136' title='bbox 669 2199 741 2264; x_wconf 82' lang='lat' dir='ltr'>freti</span> <span class='ocrx_word' id='word_1_137' title='bbox 769 2201 803 2264; x_wconf 93' lang='lat' dir='ltr'>in</span> <span class='ocrx_word' id='word_1_138' title='bbox 836 2219 893 2266; x_wconf 89' lang='lat' dir='ltr'>sna</span> <span class='ocrx_word' id='word_1_139' title='bbox 921 2201 1035 2266; x_wconf 88' lang='lat' dir='ltr'>virtute</span> <span class='ocrx_word' id='word_1_140' title='bbox 1066 2201 1161 2267; x_wconf 91' lang='lat' dir='ltr'>totius</span> 
     </span>
     <span class='ocr_line' id='line_1_21' title="bbox 140 2301 1161 2386; baseline 0.001 -19"><span class='ocrx_word' id='word_1_141' title='bbox 140 2302 330 2384; x_wconf 86' lang='lat' dir='ltr'>Aquitaniae</span> <span class='ocrx_word' id='word_1_142' title='bbox 352 2301 483 2367; x_wconf 89' lang='lat' dir='ltr'>salutem</span> <span class='ocrx_word' id='word_1_143' title='bbox 497 2301 631 2385; x_wconf 86' lang='lat' dir='ltr'>positam</span> <span class='ocrx_word' id='word_1_144' title='bbox 652 2308 808 2386; x_wconf 88' lang='lat' dir='ltr'>putarent,</span> <span class='ocrx_word' id='word_1_145' title='bbox 830 2302 927 2368; x_wconf 89' lang='lat' dir='ltr'>nostri</span> <span class='ocrx_word' id='word_1_146' title='bbox 948 2309 1063 2384; x_wconf 90' lang='lat' dir='ltr'>autem,</span> <span class='ocrx_word' id='word_1_147' title='bbox 1086 2303 1161 2385; x_wconf 91' lang='lat' dir='ltr'>quid</span> 
     </span>
     <span class='ocr_line' id='line_1_22' title="bbox 141 2403 1160 2487; baseline 0.001 -18"><span class='ocrx_word' id='word_1_148' title='bbox 141 2405 210 2470; x_wconf 88' lang='lat' dir='ltr'>sine</span> <span class='ocrx_word' id='word_1_149' title='bbox 230 2404 417 2487; x_wconf 88' lang='lat' dir='ltr'>imperatore</span> <span class='ocrx_word' id='word_1_150' title='bbox 439 2409 471 2468; x_wconf 89' lang='lat' dir='ltr'>et</span> <span class='ocrx_word' id='word_1_151' title='bbox 492 2403 561 2468; x_wconf 90' lang='lat' dir='ltr'>sine</span> <span class='ocrx_word' id='word_1_152' title='bbox 581 2403 708 2485; x_wconf 89' lang='lat' dir='ltr'>reliquis</span> <span class='ocrx_word' id='word_1_153' title='bbox 728 2404 904 2487; x_wconf 85' lang='lat' dir='ltr'>legionibus</span> <span class='ocrx_word' id='word_1_154' title='bbox 929 2404 1160 2471; x_wconf 77' lang='lat' dir='ltr'>adulesoentulo</span> 
     </span>
     <span class='ocr_line' id='line_1_23' title="bbox 142 2504 1160 2590; baseline 0.001 -20"><span class='ocrx_word' id='word_1_155' title='bbox 142 2504 222 2573; x_wconf 83' lang='lat' dir='ltr'>duee</span> <span class='ocrx_word' id='word_1_156' title='bbox 243 2505 367 2571; x_wconf 87' lang='lat' dir='ltr'>effioere</span> <span class='ocrx_word' id='word_1_157' title='bbox 387 2512 525 2589; x_wconf 86' lang='lat' dir='ltr'>possent,</span> <span class='ocrx_word' id='word_1_158' title='bbox 547 2505 681 2590; x_wconf 89' lang='lat' dir='ltr'>perspioi</span> <span class='ocrx_word' id='word_1_159' title='bbox 696 2512 858 2590; x_wconf 84' lang='lat' dir='ltr'>cuperent:</span> <span class='ocrx_word' id='word_1_160' title='bbox 880 2504 1008 2572; x_wconf 88' lang='lat' dir='ltr'>tandem</span> <span class='ocrx_word' id='word_1_161' title='bbox 1028 2507 1160 2573; x_wconf 86' lang='lat' dir='ltr'>eonfeeti</span> 
     </span>
     <span class='ocr_line' id='line_1_24' title="bbox 141 2606 1196 2690; baseline 0.001 -17"><span class='ocrx_word' id='word_1_162' title='bbox 141 2607 323 2674; x_wconf 84' lang='lat' dir='ltr'>vulneribus</span> <span class='ocrx_word' id='word_1_163' title='bbox 344 2606 449 2672; x_wconf 89' lang='lat' dir='ltr'>hostes</span> <span class='ocrx_word' id='word_1_164' title='bbox 470 2613 561 2690; x_wconf 86' lang='lat' dir='ltr'>terga</span> <span class='ocrx_word' id='word_1_165' title='bbox 582 2612 712 2672; x_wconf 87' lang='lat' dir='ltr'>vertere.</span> <span class='ocrx_word' id='word_1_166' title='bbox 744 2626 872 2689; x_wconf 88' lang='lat' dir='ltr'>quorum</span> <span class='ocrx_word' id='word_1_167' title='bbox 894 2626 1009 2690; x_wconf 88' lang='lat' dir='ltr'>magno</span> <span class='ocrx_word' id='word_1_168' title='bbox 1031 2627 1196 2674; x_wconf 78' lang='lat' dir='ltr'>numeroa</span> 
     </span>
     <span class='ocr_line' id='line_1_25' title="bbox 142 2707 1160 2792; baseline -0.002 -18"><span class='ocrx_word' id='word_1_169' title='bbox 142 2709 305 2775; x_wconf 82' lang='lat' dir='ltr'>interiecto</span> <span class='ocrx_word' id='word_1_170' title='bbox 328 2709 458 2775; x_wconf 80' lang='lat' dir='ltr'>Crassus</span> <span class='ocrx_word' id='word_1_171' title='bbox 488 2728 528 2773; x_wconf 84' lang='lat' dir='ltr'>ex</span> <span class='ocrx_word' id='word_1_172' title='bbox 557 2709 669 2773; x_wconf 89' lang='lat' dir='ltr'>itinere</span> <span class='ocrx_word' id='word_1_173' title='bbox 697 2707 844 2792; x_wconf 91' lang='lat' dir='ltr'>oppidum</span> <span class='ocrx_word' id='word_1_174' title='bbox 866 2709 1041 2775; x_wconf 78' lang='lat' dir='ltr'>sontiatum</span> <span class='ocrx_word' id='word_1_175' title='bbox 1066 2729 1160 2792; x_wconf 92' lang='lat' dir='ltr'>oppu-</span> 
     </span>
     <span class='ocr_line' id='line_1_26' title="bbox 142 2809 1160 2896; baseline -0.001 -20"><span class='ocrx_word' id='word_1_176' title='bbox 142 2830 241 2896; x_wconf 86' lang='lat' dir='ltr'>gnare</span> <span class='ocrx_word' id='word_1_177' title='bbox 262 2811 372 2895; x_wconf 89' lang='lat' dir='ltr'>ooepit.</span> <span class='ocrx_word' id='word_1_178' title='bbox 407 2811 520 2892; x_wconf 92' lang='lat' dir='ltr'>quibus</span> <span class='ocrx_word' id='word_1_179' title='bbox 541 2809 662 2874; x_wconf 83' lang='lat' dir='ltr'>fortiter</span> <span class='ocrx_word' id='word_1_180' title='bbox 682 2811 899 2876; x_wconf 89' lang='lat' dir='ltr'>resistentibus</span> <span class='ocrx_word' id='word_1_181' title='bbox 920 2811 1029 2875; x_wconf 88' lang='lat' dir='ltr'>vineas</span> <span class='ocrx_word' id='word_1_182' title='bbox 1050 2816 1160 2875; x_wconf 91' lang='lat' dir='ltr'>turres-</span> 
     </span>
     <span class='ocr_line' id='line_1_27' title="bbox 143 2911 1196 2997; baseline 0 -18"><span class='ocrx_word' id='word_1_183' title='bbox 143 2933 205 2997; x_wconf 87' lang='lat' dir='ltr'>que</span> <span class='ocrx_word' id='word_1_184' title='bbox 233 2913 306 2997; x_wconf 89' lang='lat' dir='ltr'>&#39;egit</span> <span class='ocrx_word' id='word_1_185' title='bbox 350 2913 395 2976; x_wconf 92' lang='lat' dir='ltr'>illi</span> <span class='ocrx_word' id='word_1_186' title='bbox 424 2913 503 2977; x_wconf 88' lang='lat' dir='ltr'>alias</span> <span class='ocrx_word' id='word_1_187' title='bbox 532 2912 695 2995; x_wconf 91' lang='lat' dir='ltr'>eruptione</span> <span class='ocrx_word' id='word_1_188' title='bbox 723 2917 884 2995; x_wconf 91' lang='lat' dir='ltr'>temptata,</span> <span class='ocrx_word' id='word_1_189' title='bbox 910 2912 988 2976; x_wconf 87' lang='lat' dir='ltr'>alias</span> <span class='ocrx_word' id='word_1_190' title='bbox 1011 2911 1196 2979; x_wconf 83' lang='lat' dir='ltr'>eunioulise</span> 
     </span>
     <span class='ocr_line' id='line_1_28' title="bbox 116 3003 1161 3098; baseline -0.004 -18"><span class='ocrx_word' id='word_1_191' title='bbox 116 3003 117 3007; x_wconf 27' lang='lat'>¹</span> <span class='ocrx_word' id='word_1_192' title='bbox 142 3015 184 3080; x_wconf 87' lang='lat' dir='ltr'>ad</span> <span class='ocrx_word' id='word_1_193' title='bbox 212 3035 359 3098; x_wconf 89' lang='lat' dir='ltr'>aggerem</span> <span class='ocrx_word' id='word_1_194' title='bbox 381 3014 553 3095; x_wconf 84' lang='lat' dir='ltr'>vineasque</span> <span class='ocrx_word' id='word_1_195' title='bbox 582 3013 670 3093; x_wconf 83' lang='lat' dir='ltr'>actis,</span> <span class='ocrx_word' id='word_1_196' title='bbox 700 3013 788 3077; x_wconf 87' lang='lat' dir='ltr'>euius</span> <span class='ocrx_word' id='word_1_197' title='bbox 808 3013 853 3077; x_wconf 92' lang='lat' dir='ltr'>rei</span> <span class='ocrx_word' id='word_1_198' title='bbox 875 3020 947 3078; x_wconf 89' lang='lat' dir='ltr'>sunt</span> <span class='ocrx_word' id='word_1_199' title='bbox 968 3014 1063 3096; x_wconf 91' lang='lat' dir='ltr'>longe</span> <span class='ocrx_word' id='word_1_200' title='bbox 1083 3013 1161 3097; x_wconf 89' lang='lat' dir='ltr'>peri·</span> 
     </span>
     <span class='ocr_line' id='line_1_29' title="bbox 142 3113 1161 3198; baseline -0.003 -17"><span class='ocrx_word' id='word_1_201' title='bbox 142 3117 253 3183; x_wconf 88' lang='lat' dir='ltr'>tissimi</span> <span class='ocrx_word' id='word_1_202' title='bbox 279 3115 439 3198; x_wconf 88' lang='lat' dir='ltr'>Aquitani,</span> <span class='ocrx_word' id='word_1_203' title='bbox 468 3121 633 3198; x_wconf 90' lang='lat' dir='ltr'>propterea</span> <span class='ocrx_word' id='word_1_204' title='bbox 659 3113 742 3196; x_wconf 93' lang='lat' dir='ltr'>quod</span> <span class='ocrx_word' id='word_1_205' title='bbox 766 3113 872 3178; x_wconf 90' lang='lat' dir='ltr'>multis</span> <span class='ocrx_word' id='word_1_206' title='bbox 896 3114 972 3179; x_wconf 89' lang='lat' dir='ltr'>loeis</span> <span class='ocrx_word' id='word_1_207' title='bbox 997 3113 1082 3198; x_wconf 91' lang='lat' dir='ltr'>apud</span> <span class='ocrx_word' id='word_1_208' title='bbox 1108 3133 1161 3179; x_wconf 91' lang='lat' dir='ltr'>eos</span> 
     </span>
     <span class='ocr_line' id='line_1_30' title="bbox 142 3214 1163 3297; baseline -0.003 -13"><span class='ocrx_word' id='word_1_209' title='bbox 142 3218 282 3284; x_wconf 88' lang='lat' dir='ltr'>aerariae</span> <span class='ocrx_word' id='word_1_210' title='bbox 303 3223 444 3282; x_wconf 87' lang='lat' dir='ltr'>seotnrae</span> <span class='ocrx_word' id='word_1_211' title='bbox 465 3222 547 3296; x_wconf 90' lang='lat' dir='ltr'>sunt,</span> <span class='ocrx_word' id='word_1_212' title='bbox 568 3216 623 3282; x_wconf 92' lang='lat' dir='ltr'>ubi</span> <span class='ocrx_word' id='word_1_213' title='bbox 645 3214 808 3297; x_wconf 91' lang='lat' dir='ltr'>diligentia</span> <span class='ocrx_word' id='word_1_214' title='bbox 819 3219 992 3279; x_wconf 91' lang='lat' dir='ltr'>nostrorum</span> <span class='ocrx_word' id='word_1_215' title='bbox 1014 3215 1091 3279; x_wconf 94' lang='lat' dir='ltr'>nihil</span> <span class='ocrx_word' id='word_1_216' title='bbox 1112 3215 1163 3281; x_wconf 90' lang='lat' dir='ltr'>his</span> 
     </span>
     <span class='ocr_line' id='line_1_31' title="bbox 142 3315 1161 3402; baseline -0.006 -16"><span class='ocrx_word' id='word_1_217' title='bbox 142 3321 236 3386; x_wconf 87' lang='lat' dir='ltr'>rebus</span> <span class='ocrx_word' id='word_1_218' title='bbox 267 3317 374 3402; x_wconf 86' lang='lat' dir='ltr'>profioi</span> <span class='ocrx_word' id='word_1_219' title='bbox 406 3337 498 3402; x_wconf 90' lang='lat' dir='ltr'>posse</span> <span class='ocrx_word' id='word_1_220' title='bbox 529 3318 759 3396; x_wconf 85' lang='lat' dir='ltr'>intellexerunt,</span> <span class='ocrx_word' id='word_1_221' title='bbox 791 3315 911 3398; x_wconf 87' lang='lat' dir='ltr'>legatos</span> <span class='ocrx_word' id='word_1_222' title='bbox 942 3315 984 3380; x_wconf 88' lang='lat' dir='ltr'>ad</span> <span class='ocrx_word' id='word_1_223' title='bbox 1017 3317 1161 3382; x_wconf 80' lang='lat' dir='ltr'>Crassum</span> 
     </span>
     <span class='ocr_line' id='line_1_32' title="bbox 143 3416 1162 3502; baseline -0.005 -16"><span class='ocrx_word' id='word_1_224' title='bbox 143 3422 279 3502; x_wconf 87' lang='lat' dir='ltr'>mittunt,</span> <span class='ocrx_word' id='word_1_225' title='bbox 301 3439 398 3502; x_wconf 90' lang='lat' dir='ltr'>seque</span> <span class='ocrx_word' id='word_1_226' title='bbox 418 3419 452 3482; x_wconf 92' lang='lat' dir='ltr'>in</span> <span class='ocrx_word' id='word_1_227' title='bbox 474 3417 665 3483; x_wconf 90' lang='lat' dir='ltr'>deditionem</span> <span class='ocrx_word' id='word_1_228' title='bbox 686 3423 721 3481; x_wconf 90' lang='lat' dir='ltr'>ut</span> <span class='ocrx_word' id='word_1_229' title='bbox 741 3416 881 3500; x_wconf 82' lang='lat' dir='ltr'>recipiat,</span> <span class='ocrx_word' id='word_1_230' title='bbox 902 3423 1021 3501; x_wconf 91' lang='lat' dir='ltr'>petunt.</span> <span class='ocrx_word' id='word_1_231' title='bbox 1053 3437 1115 3499; x_wconf 90' lang='lat' dir='ltr'>qua</span> <span class='ocrx_word' id='word_1_232' title='bbox 1128 3437 1162 3481; x_wconf 91' lang='lat' dir='ltr'>re</span> 
     </span>
     <span class='ocr_line' id='line_1_33' title="bbox 143 3517 806 3608; baseline -0.008 -21"><span class='ocrx_word' id='word_1_233' title='bbox 143 3523 309 3608; x_wconf 89' lang='lat' dir='ltr'>impetrata</span> <span class='ocrx_word' id='word_1_234' title='bbox 329 3541 416 3586; x_wconf 88' lang='lat' dir='ltr'>arma</span> <span class='ocrx_word' id='word_1_235' title='bbox 436 3518 560 3584; x_wconf 87' lang='lat' dir='ltr'>tradere</span> <span class='ocrx_word' id='word_1_236' title='bbox 581 3518 657 3584; x_wconf 91' lang='lat' dir='ltr'>iussi</span> <span class='ocrx_word' id='word_1_237' title='bbox 678 3517 806 3582; x_wconf 84' lang='lat' dir='ltr'>faeiunt.</span> 
     </span>
     <span class='ocr_line' id='line_1_34' title="bbox 244 3619 1195 3702; baseline 0 -14"><span class='ocrx_word' id='word_1_238' title='bbox 244 3624 348 3688; x_wconf 87' lang='lat' dir='ltr'>XXII.</span> <span class='ocrx_word' id='word_1_239' title='bbox 386 3623 489 3702; x_wconf 87' lang='lat' dir='ltr'>Atque</span> <span class='ocrx_word' id='word_1_240' title='bbox 510 3621 544 3684; x_wconf 92' lang='lat' dir='ltr'>in</span> <span class='ocrx_word' id='word_1_241' title='bbox 567 3639 605 3685; x_wconf 93' lang='lat' dir='ltr'>ea</span> <span class='ocrx_word' id='word_1_242' title='bbox 625 3638 660 3684; x_wconf 90' lang='lat' dir='ltr'>re</span> <span class='ocrx_word' id='word_1_243' title='bbox 681 3619 819 3683; x_wconf 90' lang='lat' dir='ltr'>omnium</span> <span class='ocrx_word' id='word_1_244' title='bbox 841 3625 1012 3684; x_wconf 89' lang='lat' dir='ltr'>nostrorum</span> <span class='ocrx_word' id='word_1_245' title='bbox 1034 3619 1162 3684; x_wconf 91' lang='lat' dir='ltr'>intentis</span> <span class='ocrx_word' id='word_1_246' title='bbox 1183 3643 1195 3688; x_wconf 90' lang='lat' dir='ltr'>r</span> 
     </span>
     <span class='ocr_line' id='line_1_35' title="bbox 102 3718 1162 3812; baseline -0.007 -22"><span class='ocrx_word' id='word_1_247' title='bbox 102 3808 105 3812; x_wconf 19' lang='lat'>¹</span> <span class='ocrx_word' id='word_1_248' title='bbox 143 3724 255 3790; x_wconf 89' lang='lat' dir='ltr'>animis</span> <span class='ocrx_word' id='word_1_249' title='bbox 283 3723 346 3786; x_wconf 89' lang='lat' dir='ltr'>alia</span> <span class='ocrx_word' id='word_1_250' title='bbox 374 3741 415 3786; x_wconf 87' lang='lat' dir='ltr'>ex</span> <span class='ocrx_word' id='word_1_251' title='bbox 445 3726 533 3804; x_wconf 86' lang='lat' dir='ltr'>parte</span> <span class='ocrx_word' id='word_1_252' title='bbox 564 3719 670 3803; x_wconf 91' lang='lat' dir='ltr'>oppidi</span> <span class='ocrx_word' id='word_1_253' title='bbox 699 3718 906 3802; x_wconf 84' lang='lat' dir='ltr'>Adiatunnus,</span> <span class='ocrx_word' id='word_1_254' title='bbox 936 3720 989 3802; x_wconf 92' lang='lat' dir='ltr'>qui</span> <span class='ocrx_word' id='word_1_255' title='bbox 1010 3738 1162 3784; x_wconf 86' lang='lat' dir='ltr'>summam</span> 
     </span>
    </p>
   </div>
   <div class='ocr_carea' id='block_1_5' title="bbox 0 0 1480 4192">
    <p class='ocr_par' dir='ltr' id='par_1_5' title="bbox 0 0 1480 4192">
     <span class='ocr_line' id='line_1_36' title="bbox 0 0 1480 4192; baseline 0 0"><span class='ocrx_word' id='word_1_256' title='bbox 0 0 1480 4192; x_wconf 95' lang='lat' dir='ltr'> </span> 
     </span>
    </p>
   </div>
  </div>
 </body>
</html>
