2966 4196
230 268 339 340 ccum.
352 282 386 338 v.
405 283 487 337 cnr.
501 283 720 337 nvn-nuru,
740 282 846 336 sonu.
860 283 908 336 vr.
925 282 1006 336 cnr.
1019 283 1105 336 1-11.
1127 266 1189 330 115

458 506 491 588 o.
518 506 633 588 runu
660 505 887 590 ouusmrs

252 673 355 773 DE
401 671 674 772 BELLO
722 670 1089 774 GALLIOO

427 871 732 932 COMMENTARIUS
758 872 915 932 SEXTUS.

258 1077 283 1141 I.
307 1076 413 1140 Multis
436 1075 476 1138 dc
499 1076 602 1140 causis
618 1075 735 1140 Caesar
757 1075 906 1140 maiorem
925 1074 1045 1162 Galliae
1068 1083 1186 1141 motum
1207 1097 1217 1143 r

156 1185 347 1264 exspectans
369 1199 426 1263 per
447 1179 586 1242 Marcum
598 1177 755 1274 ,Silanum
779 1176 893 1242 Gaium
908 1179 1080 1243 Antistium
1095 1179 1188 1262 Regi-

155 1303 241 1365 num,
263 1282 369 1346 Titum
398 1281 540 1346 Sextium
568 1280 689 1363 legatos
716 1279 872 1344 delectum
899 1280 1016 1346 habere
1038 1281 1186 1366 instituit3

155 1385 247 1451 simul
270 1385 311 1449 ab
327 1384 436 1450 Gnaeo
456 1377 605 1468 Pompeio
627 1385 811 1467 proconsule
833 1384 923 1467 petit,
948 1385 1095 1466 quoniam
1118 1385 1221 1469 ipses

154 1487 197 1553 ad
232 1487 343 1552 urbem
378 1507 448 1552 cum
481 1486 613 1571 imperio
645 1487 837 1572 reipublicae
870 1507 966 1552 causa
999 1495 1186 1571 remaneret,

155 1611 234 1674 quos
263 1610 304 1658 ex
336 1590 496 1674 Cisalpina
519 1589 621 1655 Gallia
651 1590 759 1656 consul
782 1596 977 1656 sacramento
1000 1591 1184 1675 rogavisset,

155 1693 195 1758 ad
226 1693 318 1776 signa
347 1692 516 1758 convenire
547 1697 579 1756 et
607 1691 705 1756 adse
728 1691 880 1776 proficisci
910 1692 1042 1776 iuberet,
1076 1695 1218 1776 magnis

155 1797 308 1862 interesse
338 1795 433 1860 etiam
462 1795 495 1858 in
525 1794 679 1876 reliquum
702 1800 827 1878 tempus
848 1793 891 1874 ad
913 1795 1091 1879 opinionem
1115 1796 1186 1862 Gal-

155 1901 216 1966 liae
246 1899 445 1982 existimans,
475 1904 580 1962 tantas
610 1896 709 1962 videri
740 1899 851 1962 Italiae
879 1898 1054 1978 facultates,
1084 1906 1127 1983 ut,
1158 1901 1184 1965 si

155 2001 231 2086 quid
262 2012 345 2068 essct
372 2001 518 2080 inbelle
549 2000 728 2065 detrimenti
751 2007 925 2085 acceptum,
952 2021 1015 2066 non
1037 2002 1130 2068 modo
1151 2002 1184 2066 id

77 2151 80 2155 ι
155 2106 244 2173 brevi
267 2112 406 2189 tempore
429 2105 546 2186 sarciri,
570 2104 740 2170 sedetiam
764 2104 933 2170 maioribus
955 2106 1064 2188 augeri
1088 2107 1185 2191 copiis

155 2216 268 2294 posset,
314 2207 395 2290 quod
420 2228 489 2272 curn
512 2208 680 2292 Pompeius
707 2213 739 2271 et
760 2208 951 2292 reipublicae
976 2215 1007 2273 et
1027 2210 1183 2274 amicitiae
1202 2232 1219 2278 u

155 2314 323 2396 tribuisset,
347 2311 489 2376 celeriter·
510 2311 653 2376 confecto
675 2331 732 2395 per
754 2331 826 2376 suos
849 2311 973 2377 delectu
996 2313 1095 2378 trihus
1109 2321 1184 2378 ante

154 2423 299 2483 exactam
330 2414 465 2479 hiemem
497 2421 529 2479 et
559 2415 735 2480 constitutis
769 2421 801 2480 et
833 2415 978 2480 adductis
1007 2415 1184 2499 legionibus

153 2521 374 2605 duphcatoque
397 2538 504 2583 carum
528 2519 700 2584 cohortium
722 2539 862 2603 numero,
886 2539 964 2601 quas
987 2539 1057 2584 cum
1081 2519 1118 2595 Q.
1134 2521 1184 2584 Ti-

153 2625 234 2688 turio
256 2623 412 2706 amiserat,
436 2628 468 2686 et
490 2623 650 2687 celeritate
673 2628 704 2686 et
720 2622 817 2705 copiis
839 2621 955 2706 docuit,
979 2622 1054 2704 quid
1077 2625 1182 2706 populi

151 2725 287 2792 Romani
310 2723 476 2809 disciplina
497 2731 592 2808 atque
614 2745 691 2809 opes
712 2730 849 2809 possent.

256 2830 297 2893 ll.
342 2828 511 2893 Interfecto
533 2828 756 2911 Indutiomaro,
784 2833 819 2890 ut
841 2826 1011 2910 docuimus,
1043 2827 1083 2891 ad
1115 2827 1213 2894 eiusr

150 2934 344 3018 propinquos
366 2952 386 2995 a
408 2932 554 2996 Treveris
580 2932 745 3015 imperium
768 2929 917 2994 defertur.
962 2930 1007 2994 illi
1033 2930 1182 2995 finitimos

149 3037 325 3102 Germanos
349 3035 514 3100 sollicitare
534 3041 566 3099 et
587 3034 754 3118 pecuniam
776 3033 916 3117 polliceri
938 3053 1000 3097 non
1017 3032 1179 3098 desistunt.

149 3160 223 3204 cum
244 3139 286 3202 ab
308 3138 461 3222 proximis
482 3138 650 3220 impetrare
665 3157 728 3201 non
744 3143 882 3220 possent,
906 3136 1068 3200 ulteriores
1083 3143 1215 3220 temp-a

148 3249 228 3306 tant.
273 3241 412 3304 inventis
433 3239 592 3304 nonnullis
614 3238 794 3303 civitatibus
821 3237 1019 3302 iureiurando
1042 3238 1124 3304 inter
1146 3259 1180 3304 se

148 3345 337 3410 confirmant
358 3342 581 3424 obsidibusque
604 3342 643 3406 dc
665 3342 801 3426 pecunia
815 3347 942 3426 cavent,
965 3343 1179 3426 Ambiorigem

148 3447 212 3513 sibi
234 3446 383 3512 societate
406 3452 437 3508 et
459 3445 586 3509 foedere
607 3444 793 3528 adiungunt.
828 3445 942 3529 quibus
963 3446 1057 3511 rebus
1077 3447 1180 3530 cogni·
1197 3466 1223 3513 a

148 3551 191 3616 tis
207 3550 332 3628 Caesar,
356 3567 426 3612 cum
449 3547 587 3630 undique
610 3549 726 3614 bellum
750 3548 854 3632 parari
877 3549 1010 3631 videret,
1033 3549 1178 3630 Nervios,

148 3651 341 3731 Aduatucos,
364 3651 527 3733 Menapios
549 3650 705 3715 adiunctis
722 3651 924 3716 Cisrhenanis
946 3651 1090 3716 omnihus
1106 3651 1180 3716 Ger·

149 3755 252 3819 manis
275 3773 345 3819 esse
367 3753 399 3818 in
422 3753 527 3837 armis,
551 3753 691 3819 Senones
713 3752 756 3816 ad
778 3753 963 3836 imperatum
987 3773 1050 3818 non
1070 3753 1179 3819 venire

148 3862 274 3921 etcum
298 3855 487 3920 Camutihus
509 3855 713 3936 finitimisque
740 3855 919 3920 civitatibus
947 3855 1077 3920 consilia
1100 3875 1180 3920 com·

992 3957 1025 4005 δῦ
