2966 4196
303 234 364 298 140
391 320 395 328 ,
632 248 683 302 nu
699 247 816 302 cneco
835 246 999 315 snunrco,

253 442 282 492 ιο
300 422 341 488 cii
362 421 546 488 dubitantes
569 420 661 506 cogit.
703 439 779 484 nam
800 419 919 485 maiore
934 418 1100 484 commisso
1123 417 1239 485 delicto
1260 419 1337 504 igne

299 534 394 610 atque
416 525 561 592 omnibus
576 524 739 590 tormentis
761 529 864 604 necat,
886 520 1004 587 leviore
1026 520 1067 586 de
1089 541 1185 587 causa
1206 521 1337 588 auribus

299 628 435 695 desectis
463 633 519 694 aut
548 627 680 712 singulis
710 625 832 692 effossis
861 623 959 690 oculis
988 623 1115 689 domum
1137 624 1277 706 remittit,
1300 631 1336 690 ut

300 732 363 798 sint
392 731 521 815 reliquis
550 729 737 796 documento
760 734 792 795 et
821 725 1040 812 magnitudine
1069 747 1192 811 poenae
1221 733 1336 813 perter-

299 840 391 900 reant
413 835 500 899 alios.

269 959 281 1005 r
404 937 442 1002 V.
488 935 547 1001 His
580 934 742 1019 suppliciis
773 933 914 999 celeriter
944 939 1051 998 coacto
1084 933 1225 998 exercitu
1258 935 1336 998 Luc

301 1041 414 1106 terium
430 1038 617 1117 Cadurcum,
640 1056 781 1103 summae
796 1035 955 1101 hominem
970 1034 1132 1118 audaciae,
1156 1055 1227 1100 cum
1245 1043 1337 1121 parte

303 1142 462 1226 copiarum
484 1142 518 1205 in
540 1142 681 1205 Rutenos
703 1139 812 1223 mittit;
835 1139 904 1222 ipse
926 1138 959 1201 in
981 1137 1140 1222 Bituriges
1169 1139 1336 1223 proficisci·

267 1252 360 1314 atur.
406 1245 473 1309 eius
495 1243 635 1308 adventu
664 1242 823 1327 Bituriges
853 1239 895 1305 ad
916 1240 1054 1322 Aeduos,
1085 1261 1216 1324 quorum
1246 1249 1336 1307 erant

300 1349 334 1411 in
356 1345 429 1429 tide,
451 1347 573 1430 legatos
596 1346 724 1409 mittunt
746 1343 921 1410 subsidium
943 1349 1097 1427 rogatum,
1128 1364 1189 1426 quo
1211 1344 1336 1411 facilius

267 1450 436 1518 ehostium
459 1449 566 1533 copias
588 1448 743 1514 sustinere
764 1447 894 1532 possint.
939 1445 1042 1511 Aedui
1065 1445 1106 1512 de
1136 1447 1264 1513 consilio
1294 1448 1336 1513 le·

301 1559 454 1637 gatorum,
490 1572 568 1636 quos
596 1552 713 1618 Caesar
741 1551 784 1615 ad
813 1550 987 1616 exercitum
1015 1549 1193 1633 reliquerat,
1228 1551 1336 1635 copias

266 1675 283 1722 4
302 1655 458 1738 equitatus
479 1654 703 1739 peditatusque
725 1653 865 1719 subsidio
888 1653 1082 1738 Biturigibus
1104 1654 1241 1719 mittunt.
1281 1655 1334 1737 qui

301 1779 372 1824 cum
405 1758 448 1823 ad
480 1757 597 1822 fiumen
627 1757 766 1841 Ligerim
795 1756 967 1839 venissent,
999 1756 1083 1840 quod
1111 1757 1271 1841 Bituriges
1293 1759 1334 1823 ab

299 1860 419 1926 Aeduis
440 1859 564 1944 dividit,
583 1879 701 1946 paucos
716 1858 785 1924 dies
798 1858 844 1924 ibi
858 1859 971 1924 morati
984 1879 1089 1942 neque
1103 1858 1222 1925 flumen
1236 1866 1335 1926 trans-

299 1964 344 2027 ire
366 1962 436 2028 ausi
458 1962 585 2028 domum
600 1968 799 2027 revertuntur
820 1961 998 2045 legatisque
1012 1962 1127 2028 nostris
1141 1964 1334 2046 renuntiant,

265 2085 336 2134 sse
356 2067 533 2151 Biturigum
555 2065 720 2150 perfidiam
741 2064 858 2130 veritos
879 2064 1055 2146 revertisse,
1079 2065 1193 2147 quibus
1215 2065 1248 2130 id
1263 2085 1334 2132 eon·

300 2168 361 2234 silli
392 2169 490 2234 fuisse
520 2168 733 2252 cognoverint,
764 2173 807 2248 ut,
838 2167 865 2233 si
894 2166 1012 2233 flumen
1042 2169 1239 2251 transissent,
1270 2189 1335 2234 una

267 2291 343 2338 sex
363 2278 454 2355 parte
475 2271 547 2355 ipsi,
570 2272 669 2335 altera
687 2270 822 2335 Arverni
844 2289 879 2335 se
901 2270 1174 2336 circumsisterent.
1197 2271 1232 2336 id
1254 2292 1334 2337 eane

301 2372 341 2438 de
356 2393 460 2455 causa,
480 2394 574 2457 quam
592 2373 706 2457 legatis
723 2373 974 2458 pronuntiarunt,
989 2394 1035 2438 an
1050 2372 1184 2458 perfidia
1205 2373 1333 2440 adducti

222 2491 225 2500 ·
300 2475 441 2558 fecerint,
465 2475 549 2558 quod
570 2475 650 2540 nihil
671 2475 763 2541 nobis
785 2481 916 2556 constat,
939 2495 1003 2540 non
1023 2475 1148 2541 videtur
1169 2497 1226 2561 pro
1249 2483 1333 2542 certo

267 2597 370 2646 resse
391 2578 582 2663 ponendum.
628 2578 787 2662 Bituriges
817 2598 923 2643 eorum
953 2577 1093 2644 discessu
1124 2579 1231 2644 statim
1262 2599 1332 2644 oum

299 2681 449 2747 Arvernis
471 2681 652 2766 iunguntur.

269 2807 281 2851 1
402 2785 456 2849 VI.
502 2784 561 2849 His
590 2785 684 2850 rebus
714 2784 748 2848 in
770 2783 895 2848 Italiam
918 2784 1046 2851 Caesari
1068 2785 1229 2870 nuntiatis,
1260 2804 1332 2850 cum

300 2886 363 2952 iem
385 2887 439 2952 ille
460 2888 599 2952 urbanas
627 2905 679 2952 res
700 2887 816 2952 virtute
839 2887 896 2954 On.
920 2887 1062 2971 Pompeii
1092 2886 1332 2953 commodiorem

299 2989 333 3054 in
355 2995 470 3055 statum
493 2988 677 3074 pervenisse
698 2988 905 3074 intellegeret,
935 2989 967 3054 in
990 2990 1233 3075 Transalpinam
1263 2989 1333 3055 Gal·

168 3143 171 3148 .
266 3093 374 3161 eliam
395 3091 555 3177 profectus
578 3098 634 3157 est.
680 3111 717 3158 eo
740 3112 811 3157 cum
833 3093 982 3175 venisset,
1004 3112 1123 3176 magna
1149 3091 1333 3157 difficultate
1463 3125 1464 3135 2

299 3195 506 3278 alliciebatur,
530 3215 593 3278 qua
613 3194 735 3260 ratione
756 3194 799 3259 ed
821 3196 993 3262 exercitum
1020 3195 1186 3279 pervenire
1214 3201 1331 3279 posset.

266 3318 375 3366 enam
397 3298 424 3362 si
445 3297 586 3380 legiones
607 3298 640 3362 in
663 3298 857 3382 provinciam
879 3304 1061 3379 arcesseret,
1089 3317 1124 3363 se
1145 3297 1278 3363 absente
1299 3297 1332 3362 in

299 3400 411 3464 itinere
433 3401 551 3483 proelio
573 3399 775 3465 dimicaturas
797 3401 1015 3485 intellegebat,
1038 3401 1065 3465 si
1087 3401 1156 3484 ipse
1178 3399 1219 3464 ad
1246 3419 1332 3464 exer·

301 3502 396 3566 citum
419 3501 633 3587 contenderet,
656 3503 758 3568 neiis
781 3503 908 3585 quidem
923 3523 961 3569 eo
982 3510 1133 3588 tempore,
1148 3494 1212 3586 ‘qui
1234 3503 1332 3586 quieti

299 3604 490 3687 viderentur,
514 3624 604 3670 suam
626 3605 759 3670 salutem
781 3611 866 3672 recte
888 3606 1039 3673 committi
1061 3605 1199 3672 videbat.

267 3729 281 3776 ι
402 3708 473 3774 VII.
518 3707 649 3772 Interim
671 3707 834 3774 Lucterius
858 3708 1017 3776 Cadurcus
1043 3709 1077 3773 in
1099 3711 1239 3775 Rutenos
1261 3709 1334 3776 mis·

267 3829 353 3878 aeus
383 3829 454 3875 eam
483 3810 643 3875 civitatem
665 3811 817 3876 Arvernis
839 3812 993 3878 conciliat.
1016 3830 1201 3896 progressus
1222 3811 1256 3877 in
1279 3812 1332 3876 Nl-
