2936 4192
220 167 223 172 “
353 161 461 217 COMM.
474 163 496 216 1.
515 150 772 218 onaan-LIV.
792 163 899 219 COMM.
912 165 949 220 11.
968 165 1051 221 CAP.
1063 167 1085 219 I.
1196 151 1238 215 33

389 254 399 285 0

203 335 244 400 de
265 354 301 401 se
322 341 371 399 ter
393 335 529 400 sortibus
551 336 728 402 consultum
750 333 886 421 dicebat,
915 342 1020 402 utrum
1042 338 1110 422 igni
1132 339 1238 403 statim

201 443 368 504 necaretur
389 457 431 502 an
453 438 486 502 in
509 436 595 502 aliud
610 443 736 522 tempus
749 445 977 504 reservaretur:
1000 441 1130 505 sortium
1144 440 1239 506 bene

201 539 273 605 ficio
300 560 335 605 se
362 559 432 606 esse
458 540 656 606 incolumem.
701 540 779 606 item
804 541 929 607 Marcus
955 541 1071 608 Metius
1096 549 1272 628 repertuss

203 649 235 708 et
256 642 298 708 ad
321 663 394 708 eum
416 641 564 708 reductus
587 649 643 708 est.

305 745 387 810 LIV.
423 746 491 810 Hoc
519 746 638 829 proelio
668 752 756 811 trans
784 746 932 813 Rhenum
958 749 1103 814 nuntiato
1129 750 1270 832 Suebi,r
1366 817 1368 824 ,

202 849 258 932 qui
278 848 321 914 ad
342 848 428 932 ripas
449 847 554 912 Rheni
575 853 738 932 venerant,
761 847 890 914 domum
910 850 1027 915 reverti
1053 857 1237 936 coeperunt;

203 972 283 1035 quos
304 951 390 1035 Ubii,
414 951 468 1034 qui
490 951 627 1036 proximi
648 951 795 1016 Rhenum
817 952 967 1037 incolunt,
990 954 1172 1038 perterritos
1193 954 1238 1019 in-

203 1055 303 1120 secuti
325 1074 476 1136 magnum
499 1073 541 1118 ex
562 1053 613 1118 his
634 1072 799 1119 numerum
822 1055 1011 1121 occiderunt.
1044 1057 1160 1122 Caesar
1173 1076 1272 1124 unas

202 1163 324 1224 aestate
346 1156 469 1222 duobus
491 1155 640 1222 maximis
664 1156 756 1222 bellis
783 1157 935 1224 confectis
956 1159 1109 1224 maturius
1133 1160 1237 1244 paulo,

202 1281 299 1344 quam
327 1267 452 1344 tempus
480 1259 557 1324 anni
585 1259 775 1344 postulabat,
804 1260 838 1326 in
864 1259 999 1326 hiberna
1019 1261 1052 1326 in
1075 1262 1239 1345 Sequanos

204 1363 378 1430 exercitum
407 1360 554 1446 deduxit,
583 1361 725 1428 hibernis
746 1363 923 1429 Labienum
944 1365 1139 1448 praeposuit;
1168 1364 1271 1448 ipseo

203 1468 237 1532 in
258 1466 434 1532 citeriorem
450 1463 585 1530 Calliam
603 1464 646 1530 ad
660 1471 835 1532 conventus
849 1464 991 1549 agendos
1005 1465 1165 1550 profectus
1179 1472 1236 1530 est

504 1929 538 2011 C.
565 1927 677 2010 IULII
704 1927 933 2012 CAESARIS

298 2097 402 2196 nn
448 2093 722 2196 annno
770 2093 1138 2223 olnnroo

445 2294 750 2356 COMMENTARIUS
776 2294 986 2356 SECUNDUS.

305 2501 330 2564 Ι.
377 2499 456 2565 Cum
486 2504 570 2563 esset
592 2499 709 2563 Caesar
736 2497 771 2562 in
802 2497 945 2564 citeriore
975 2499 1086 2582 Gallia,
1115 2500 1162 2565 ita
1189 2498 1269 2567 utir

203 2621 298 2688 supra
330 2600 624 2684 demonstravimus,
655 2598 756 2665 crebri
784 2599 827 2665 ad
856 2620 928 2666 eum
957 2614 1111 2666 rumores
1128 2603 1237 2666 affere-

202 2707 326 2789 bantur,
360 2704 536 2787 litterisque
568 2702 645 2768 item
673 2702 809 2768 Labieni
843 2703 954 2768 certior
986 2703 1093 2787 fiebat,
1127 2722 1237 2768 omnes

201 2808 327 2892 Belgas,
359 2827 453 2890 quam
483 2805 609 2870 tertiam
639 2824 709 2870 esse
741 2805 863 2870 Galliae
891 2811 1014 2889 partem
1044 2804 1235 2890 dixeramus,

202 2917 311 2977 contra
331 2910 482 2994 populum
503 2909 682 2973 Romanum
704 2906 867 2972 coniurare
889 2907 1077 2991 obsidesque
1099 2909 1181 2974 inter
1202 2928 1237 2974 se

188 3013 286 3084 dare.
332 3010 518 3078 coniurandi
539 3011 598 3076 has
621 3029 690 3076 esse
712 3029 838 3074 causas:
868 3010 1013 3096 primum,
1045 3010 1129 3093 quod
1150 3030 1270 3079 vere-2

201 3125 317 3201 rentur,
348 3135 390 3182 ne
419 3116 505 3181 omni
533 3120 648 3198 pacata
674 3113 777 3179 Gallia
805 3113 847 3178 ad
875 3133 929 3179 eos
951 3113 1108 3178 exercitus
1129 3121 1237 3178 noster

201 3219 422 3309 adduceretur;
445 3216 571 3300 deinde,
595 3215 679 3299 quod
693 3216 735 3280 ab
750 3217 908 3281 nonnullis
924 3216 1023 3282 Gallis
1037 3216 1237 3282 sollicitarem
1255 3237 1270 3284 a

202 3329 260 3407 tur,
290 3321 405 3406 partim
436 3321 499 3403 qui,
528 3326 564 3384 ut
586 3319 760 3385 Germanos
790 3318 907 3385 diutius
936 3320 969 3384 in
993 3319 1096 3385 Callia
1117 3319 1237 3384 versari

200 3426 375 3508 noluerant,
406 3425 451 3488 ita
480 3423 589 3508 populi
615 3422 751 3486 Romani
783 3421 957 3487 exercitum
979 3421 1120 3487 hiemare
1141 3428 1237 3504 atque

200 3529 431 3594 inveterascere
452 3527 486 3591 in
503 3525 606 3591 Gallia
628 3525 760 3589 moleste
781 3524 937 3608 ferebant,
960 3526 1076 3608 partim
1099 3524 1153 3607 qui
1174 3545 1237 3589 mo-

200 3633 323 3698 bilitate
349 3635 382 3695 et
409 3630 540 3694 levitate
569 3627 668 3692 animi
697 3627 789 3692 novis
819 3627 959 3713 imperiis
989 3626 1173 3712 studebant;
1195 3628 1271 3694 ahc

200 3733 360 3800 nonnullis
383 3732 488 3816 etiam,
512 3730 595 3814 quod
618 3729 652 3794 in
676 3729 779 3795 Gallia
800 3729 1062 3814 apotentioribus
1077 3736 1172 3811 atque
1187 3729 1236 3813 iis,

253 3845 369 3891 Cacsar,
384 3843 481 3883 debello
498 3841 581 3882 Gallico
1066 3835 1081 3882 3
