2966 4196
253 263 315 327 150
589 275 639 330 DE
656 275 773 332 BELLO
791 274 952 330 GALLICO

250 469 312 534 que
341 469 420 536 opus
449 448 590 514 deforme
619 469 683 514 non
713 453 761 514 est
790 447 919 513 alternis
948 447 1091 513 trabibus
1120 467 1159 512 ac
1186 447 1283 530 saxis,

251 573 332 636 quae
353 552 446 618 rectis
468 552 560 618 lineis
575 571 649 618 suos
663 551 789 618 ordines
811 555 947 634 servant,
971 555 1037 615 tum
1058 548 1101 614 ad
1115 549 1282 616 utilitatem

251 663 283 721 et
305 655 521 721 defensionem
543 654 668 718 urbium
694 673 850 718 summam
878 651 976 716 habet
1006 653 1283 736 opportunitatem,

251 758 335 842 quod
357 763 388 822 et
409 756 450 822 ab
474 756 620 821 incendio
641 755 723 840 lapis
745 761 777 820 et
799 757 839 822 ab
862 755 960 820 ariete
982 755 1114 820 materia
1129 754 1282 840 defendit,

251 881 331 945 quae
360 859 520 945 perpetuis
550 858 691 924 trabibus
721 857 820 943 pedes
849 857 1068 942 quadragenos
1096 858 1283 942 plerumque

250 964 400 1043 introrsus
421 962 564 1027 revincta
585 981 689 1044 neque
710 961 871 1044 perrumpi
892 980 996 1044 neque
1015 960 1147 1026 distrahi
1168 966 1281 1046 potest.

217 1088 231 1135 1
352 1065 470 1130 XXIV.
515 1065 574 1129 His
596 1070 642 1128 tot
663 1063 757 1128 rebus
779 1062 933 1148 impedita
962 1063 1199 1148 oppugnatione
1227 1063 1282 1146 mi·

248 1169 328 1252 lites,
353 1187 424 1232 cum
446 1173 511 1232 toto
533 1173 674 1251 tempore
695 1166 811 1249 frigore
834 1171 866 1230 et
887 1165 1022 1231 assiduis
1049 1166 1201 1231 imbribus
1222 1171 1282 1230 tar·

248 1269 407 1351 darentur,
430 1275 537 1334 tamen
560 1269 732 1334 continenti
754 1268 861 1333 labore
883 1269 989 1333 omnia
1009 1268 1090 1332 haec
1116 1288 1282 1353 superare

248 1379 321 1438 runt
350 1380 382 1438 et
411 1371 523 1436 diebus
552 1371 644 1436 XXV
666 1391 816 1454 aggerem
846 1371 943 1435 latum
972 1371 1072 1456 pedes
1095 1371 1281 1456 COOXXX,

158 1521 163 1529 -
214 1477 346 1546 saltum
369 1475 467 1559 pedes
489 1475 612 1540 LXXX
642 1480 874 1539 exstruxerunt.
921 1494 992 1539 cum
1018 1475 1046 1540 is
1077 1495 1200 1538 murum
1229 1474 1281 1540 ho

248 1579 343 1646 stium
365 1598 468 1663 paene
492 1578 686 1662 contingeret
708 1583 740 1642 et
755 1578 872 1643 Caesar
894 1577 935 1642 ad
954 1597 1033 1662 opus
1056 1577 1281 1643 consuetudine

248 1683 420 1748 excubaret
442 1681 619 1762 militesque
640 1680 825 1762 hortaretur,
847 1679 992 1762 nequod
1014 1680 1141 1745 omnino
1156 1685 1282 1764 tempus

247 1786 288 1850 ab
311 1804 406 1868 opere
429 1783 693 1868 intermitteretur,
717 1783 810 1867 paulo
833 1789 907 1847 ante
929 1783 1053 1847 tertiam
1069 1783 1210 1866 vigiliam
1233 1789 1282 1848 est

212 1887 511 1971 sanimadrersum,
542 1886 664 1952 fumare
693 1905 851 1970 aggerem,
883 1905 976 1967 quem
1007 1886 1148 1950 cuniculo
1175 1885 1281 1951 hostes

248 1989 485 2074 succenderant,
509 1988 682 2072 eodemque
705 1995 844 2072 tempore
866 1977 931 2053 toto
951 2009 1039 2054 muro
1054 1989 1188 2054 clamore
1211 1990 1280 2054 sub-

247 2095 310 2159 lato
325 2092 449 2157 duabus
463 2093 562 2177 portis
577 2092 617 2156 ab
634 2097 765 2174 utroque
779 2092 878 2156 latere
892 2092 1022 2156 turrium
1038 2092 1159 2175 eruptio
1174 2091 1279 2156 debat.

211 2197 301 2266 ealii
331 2196 417 2261 faces
446 2203 541 2278 atque
569 2193 690 2260 aridam
717 2195 880 2260 materiem
902 2193 942 2260 de
964 2215 1052 2260 muro
1075 2195 1108 2259 in
1130 2215 1279 2279 aggerem

248 2299 370 2364 eminus
400 2298 568 2382 iaciebant,
598 2298 701 2381 picem
730 2297 929 2381 reliquasque
958 2318 1018 2382 res,
1050 2296 1163 2380 quibus
1196 2298 1280 2382 ignis

247 2401 377 2467 excitari
400 2406 513 2485 potest,
537 2399 722 2484 fundebant,
745 2406 790 2485 ut,
819 2420 881 2484 quo
903 2401 1039 2485 primum
1069 2407 1281 2466 occurreretur

245 2510 301 2570 aut
334 2503 384 2569 cui
416 2502 463 2568 rei
496 2501 628 2567 ferretur
662 2502 828 2588 auxilium,
863 2503 920 2568 vix
948 2503 1027 2569 ratio
1060 2503 1132 2568 iniri
1163 2509 1278 2588 posset

207 2615 362 2689 stamen,
387 2605 469 2690 quod
492 2606 633 2672 instituto
650 2606 793 2672 Caesaris
816 2626 940 2692 semper
962 2606 1044 2672 duae
1059 2606 1201 2691 legiones
1223 2626 1280 2690 pro

247 2711 356 2777 castris
386 2709 587 2776 excubabant
618 2709 785 2793 pluresque
814 2710 938 2794 partitis
967 2709 1161 2795 temporibus
1191 2714 1280 2774 erant

245 2814 279 2879 in
309 2834 412 2899 opere,
444 2801 586 2878 celeriter
616 2812 734 2878 factum
764 2820 820 2894 est,
850 2819 885 2878 ut
914 2812 968 2878 alii
998 2812 1213 2897 eruptionibus
1234 2831 1279 2876 re·

245 2917 401 3002 sisterent,
424 2917 479 2982 alii
500 2922 602 2982 turres
623 2914 809 2981 reducerent
838 2935 1049 2999 aggeremque
1078 2913 1279 2979 interscinde·

246 3025 324 3104 rent,
348 3019 450 3086 omnis
473 3039 548 3086 vero
571 3039 612 3084 ex
636 3019 745 3084 castris
767 3017 933 3083 multitudo
956 3017 998 3083 ad
1019 3017 1278 3101 restinguendum

246 3126 451 3188 concurreret.

212 3247 226 3295 1
326 3225 450 3290 XXV.
496 3225 575 3291 Cum
596 3225 631 3290 in
653 3222 798 3290 omnibus
820 3223 897 3289 loeis
920 3228 1104 3307 consumpta
1125 3222 1189 3287 iam
1211 3221 1279 3288 reli·

246 3348 308 3412 qua
337 3333 427 3411 parte
456 3328 558 3392 noctis
587 3331 781 3411 pugnaretur
810 3345 997 3410 semperque
1030 3325 1173 3392 hostibus
1207 3344 1279 3410 spes

245 3431 396 3496 victoriae
417 3429 692 3514 redintegraretur,
717 3449 753 3494 eo
774 3429 884 3513 magis,
909 3428 992 3512 quod
1007 3427 1134 3495 deustos
1156 3429 1279 3514 pluteos

244 3534 376 3600 turrium
390 3532 543 3599 videbant
558 3552 617 3598 nec
632 3532 725 3597 facile
739 3531 827 3597 adire
850 3537 975 3616 apertos
997 3530 1039 3596 ad
1061 3529 1277 3596 auxiliandum
1339 3537 1344 3546 '

244 3621 547 3720 animadvertebant,
579 3654 763 3719 semperque
792 3635 853 3719 ipsi
881 3639 1024 3700 recentes
1053 3632 1186 3700 defessis
1212 3653 1279 3698 suc-

245 3739 393 3804 cederent
415 3757 603 3822 omnemque
626 3731 747 3803 Galliae
770 3738 903 3802 salutem
924 3736 957 3802 in
981 3737 1033 3801 illo
1048 3736 1182 3821 vestigio
1203 3741 1279 3802 tem·-

245 3841 329 3924 poris
351 3841 486 3924 positam
509 3840 742 3923 arbitrarentur,
765 3839 879 3904 accidit
906 3839 1155 3922 inspectantibus
1177 3839 1278 3918 nobis,
