2966 4196
509 238 615 293 uoltu.
628 237 662 294 V.
681 237 764 294 ΟΑΡ.
778 239 910 293 L-LIII.
1168 225 1227 288 111

193 413 440 478 administratae.
487 412 676 477 Ciceronem.
696 431 751 494 pro
774 411 843 477 cius
871 412 981 478 merito
1008 413 1261 497 legionemque4

194 515 364 600 collaudat;
404 514 603 580 centuriones
641 513 824 598 singillatim
857 516 1062 598 tribunosque
1096 516 1230 580 militum

193 619 341 704 appellat,
376 638 507 700 quorum
542 617 703 700 egregiam
736 616 834 682 fuisse
868 618 1017 684 virtutem
1049 619 1228 684 testimonio

194 722 354 789 Ciceronis
377 726 576 804 cognoverat.
622 719 663 784 de
690 739 765 784 casu
788 721 898 787 Sabini
927 729 959 786 et
976 722 1092 789 vCottae
1115 723 1229 788 certius

193 845 234 890 ex
257 823 391 908 captivis
415 823 584 907 cognoscit.
629 829 754 907 postero
782 823 834 888 die
861 825 1007 890 contione
1029 825 1140 890 habita
1161 845 1261 893 remo

193 934 315 1011 gestam
344 927 499 1011 proponit,
530 926 647 990 milites
678 927 855 992 consolatur
884 934 915 993 et
938 927 1115 994 confirmat:
1144 927 1262 1010 quode

193 1031 415 1096 detrimentum
438 1031 531 1113 eulpa
553 1035 584 1093 et
606 1029 783 1095 temeritate
801 1030 899 1114 legati
914 1031 955 1096 sit
969 1037 1144 1115 acceptum,
1168 1031 1228 1096 hoe

191 1135 339 1216 aequiore
362 1133 467 1198 animo
490 1131 656 1198 ferendum
678 1132 779 1217 docet,
804 1132 888 1216 quod
911 1133 1068 1200 ‘beneficio
1097 1133 1227 1199 deorum

191 1237 414 1302 immortalium
437 1243 468 1302 et
490 1236 607 1300 virtute
630 1256 737 1302 eorum
760 1237 888 1321 expiato
903 1237 1101 1304 incommodo
1124 1257 1228 1320 neque

192 1341 334 1407 hostibus
357 1339 479 1404 diutina
500 1339 627 1405 laetatio
650 1359 754 1426 neque
776 1341 853 1424 ipsis
879 1341 1002 1424 longior
1025 1340 1112 1406 dolor
1137 1341 1227 1406 relin-

193 1450 315 1527 quatur.
377 1497 378 1501 ,

294 1547 378 1611 LIII.
420 1545 551 1610 Interim
572 1545 613 1609 ad
636 1546 812 1611 Labienum
834 1566 891 1631 per
913 1549 1028 1612 Remos
1049 1547 1226 1612 incredibili
1247 1568 1259 1614 1
1303 1563 1306 1568 ⁴

192 1649 351 1716 celeritate
378 1647 418 1713 de
444 1648 576 1712 victoria
604 1649 747 1714 Caesaris
774 1649 860 1713 fama
887 1649 1053 1734 perfertur,
1083 1656 1127 1732 ut,
1155 1669 1226 1714 cum

191 1755 232 1820 ab
255 1751 395 1819 hibernis
412 1751 571 1817 Ciceronis
593 1751 681 1814 milia
702 1771 852 1835 passuum
874 1753 1000 1817 abesset
1021 1752 1143 1817 circiter
1157 1752 1225 1833 LX,

192 1852 292 1938 eoque
314 1861 385 1939 post
407 1854 516 1918 horam
539 1874 656 1918 nonam
684 1854 747 1919 diei
775 1854 892 1920 Caesar
918 1856 1124 1938 pervenisset,
1151 1861 1226 1920 ante

191 1958 329 2025 mediam
358 1963 483 2022 noctem
512 1956 554 2020 ad
583 1963 690 2040 portas
723 1963 895 2022 castrorum
929 1958 1045 2022 clamor
1078 1964 1224 2041 oreretur,

193 2081 253 2144 quo
277 2061 412 2126 clamore
434 2059 622 2144 significatio
637 2060 787 2124 victoriae
801 2061 1033 2144 gratulatioque
1055 2061 1096 2126 ab
1119 2061 1226 2126 Remis

191 2165 332 2230 Labieno
359 2163 456 2229 ficret.
502 2163 563 2227 hae
589 2162 676 2228 fama
700 2163 743 2227 ad
764 2165 918 2230 Treveros
944 2165 1067 2249 perlata
1088 2165 1258 2230 Indutioa

191 2287 306 2348 mame,
330 2266 383 2349 qui
406 2271 531 2350 postero
553 2265 605 2330 die
628 2273 731 2331 castra
756 2267 891 2332 Labieni
913 2287 1096 2352 oppugnare
1123 2268 1226 2334 deere-

192 2377 290 2453 verat,
306 2377 402 2434 noctu
416 2369 556 2454 profugit
572 2369 741 2453 copiasque
756 2389 865 2436 omnes
880 2371 914 2434 in
925 2372 1079 2436 Treveros
1094 2370 1224 2436 reducit.

193 2474 309 2540 Caesar
323 2472 458 2539 Fabium
474 2493 545 2538 eum
560 2492 617 2538 sua
638 2473 763 2556 legione
784 2473 914 2538 remittit
936 2473 969 2536 in
992 2473 1133 2557 hiberna,
1157 2474 1225 2558 ipse
1244 2494 1259 2542 a

192 2597 262 2641 oum
285 2575 385 2641 tribus
406 2575 585 2659 legionibus
604 2575 721 2640 circum
737 2576 990 2642 Samarobrivam
1013 2576 1103 2641 trinis
1125 2576 1226 2642 hiber·

191 2680 241 2745 nis
267 2679 408 2744 hiemare
434 2678 595 2744 constituit
622 2685 662 2761 et,
691 2677 776 2760 quod
801 2678 882 2742 tanti
904 2684 1007 2742 motus
1030 2678 1151 2744 Galliae
1174 2699 1226 2744 ex·

190 2783 345 2865 stiterant,
369 2788 468 2846 totam
490 2781 627 2847 hiemem
649 2782 718 2866 ipse
732 2780 775 2847 ad
790 2782 963 2846 exercitum
979 2801 1107 2846 manere
1122 2781 1226 2848 decre-

190 2886 246 2950 vit.
287 2905 362 2950 nam
383 2885 437 2950 illo
451 2885 649 2950 incommodo
672 2885 712 2950 de
735 2885 845 2952 Sabini
860 2891 960 2950 morte
981 2886 1101 2970 perlato
1117 2905 1226 2952 omnes
1243 2909 1260 2956 4

190 2987 257 3054 fere
273 2987 396 3054 Galliae
419 2988 563 3053 civitates
579 2987 619 3053 de
641 2987 723 3054 bello
747 2989 977 3074 consultabant,
1001 2990 1128 3056 nuntios
1142 2991 1226 3074 lega-

189 3091 354 3174 tionesque
383 3093 417 3156 in
446 3111 556 3157 omnes
583 3096 689 3176 partes
715 3089 916 3158 dimittebant
943 3097 983 3174 et,
1011 3091 1087 3176 quid
1113 3094 1226 3177 reliqui

189 3195 312 3261 consilii
335 3202 483 3280 caperent
505 3201 600 3278 atque
620 3193 705 3260 unde
726 3194 851 3260 initium
874 3195 948 3260 belli
963 3195 1062 3281 fieret,
1086 3199 1226 3283 explora·

190 3299 267 3363 bant
300 3305 515 3381 nocturnaque
548 3299 582 3363 in
614 3299 692 3364 loeis
725 3298 857 3366 desertis
887 3300 1020 3366 concilia
1053 3302 1224 3370 habebant.

188 3421 293 3483 neque
314 3402 412 3466 ullum
434 3401 500 3466 fere
521 3402 617 3467 totius
639 3401 752 3468 hiemis
774 3409 898 3488 tempus
921 3404 990 3470 sine
1016 3405 1258 3475 sollicitudines

188 3504 334 3570 Caesaris
360 3504 546 3589 intercessit,
575 3506 650 3587 quin
677 3506 815 3589 aliquem
842 3507 883 3574 de
911 3509 1048 3575 consiliis
1074 3529 1113 3576 ac
1139 3517 1225 3575 motu

188 3607 349 3674 Gallorum
380 3608 524 3672 nuntium
555 3608 720 3692 acciperet.
766 3609 801 3674 in
829 3610 880 3678 his
909 3612 950 3676 ab
973 3612 1070 3677 Lucio
1100 3613 1257 3695 Rosciae

187 3731 282 3792 quem
312 3711 429 3795 legioni
459 3711 713 3778 tertiaedecimae
745 3714 950 3797 praefecerat,
983 3715 1095 3780 certior
1121 3716 1224 3782 iactus

187 3820 236 3879 est
259 3835 392 3896 magnas
416 3813 574 3880 Gallorum
598 3816 703 3898 copias
726 3836 833 3881 earum
858 3817 1029 3906 civitatum,
1054 3838 1135 3900 quae
1150 3820 1224 3884 Are-
