2936 4192
390 179 497 236 ocnn.
510 181 546 235 11.
566 181 649 236 ose.
661 181 933 235 xxrx-xxxrn.
1133 165 1176 227 49

248 353 385 418 XXXII.
416 351 467 416 Ad
489 351 569 417 baec
588 352 705 418 Caesar
726 352 902 436 respondit:
925 372 960 418 se
982 351 1084 435 magis
1107 371 1210 420 con-1

145 456 311 522 suetudine
325 475 383 520 sua
395 475 489 537 quam
500 455 610 521 merito
621 475 728 520 eorum
740 455 900 520 civitatem
911 461 1176 538 conservaturum,

145 559 172 624 si
197 558 295 643 prius,
323 578 417 642 quam
443 578 565 623 murum
593 558 677 623 aries
705 558 871 642 attigisset,
901 577 937 622 se
966 556 1175 642 dedidissent;

144 661 202 727 sed
224 659 393 726 deditionis
415 661 535 725 nullam
557 679 627 725 esse
642 660 857 726 condicionem
879 661 941 726 nisi
962 660 1059 725 ermis
1081 658 1209 727 uadi-n

143 765 194 830 tis.
219 782 254 828 se
275 761 318 844 id,
341 761 425 846 quod
446 763 480 826 in
495 763 622 827 Nerviis
636 762 773 844 fecisset,
795 762 951 828 iacturum
972 762 1176 844 finitimisque

143 867 378 950 imperaturum,
401 885 442 930 ne
465 885 559 946 quam
581 864 738 930 dediticiis
759 864 867 949 populi
881 865 1015 930 Romani
1029 864 1176 929 iniuriam

144 968 307 1032 inferrent.
352 987 386 1032 re
420 967 600 1032 renuntiata
627 967 671 1032 ad
703 987 790 1049 suos,
825 986 905 1049 quae
937 967 1209 1051 imperarentur,s

143 1071 251 1135 facere
272 1068 429 1134 dixerunt.
473 1089 629 1135 armorum
650 1090 769 1154 magna
794 1069 994 1135 multitudine
1020 1068 1061 1134 de
1087 1089 1210 1137 muros

143 1174 178 1238 in
204 1173 332 1252 fossam,
360 1191 441 1254 quae
468 1178 534 1236 erat
555 1179 630 1237 ente
653 1173 812 1257 oppidum,
834 1173 927 1255 iacta,
955 1174 1001 1239 sic
1021 1179 1057 1238 ut
1077 1193 1175 1257 prope

144 1295 300 1341 summam
329 1274 409 1340 muri
435 1275 624 1358 aggerisque
657 1274 854 1341 altitudinem
881 1277 986 1342 acerui
1019 1296 1175 1341 armorum

143 1378 371 1460 adaequarent,
402 1383 434 1442 et
462 1383 569 1442 tamen
599 1378 722 1444 circiter
750 1386 841 1463 parte
869 1380 971 1461 tertia,
1000 1386 1036 1444 ut
1065 1385 1176 1464 postea

143 1487 344 1566 perspectum
374 1486 431 1561 est,
462 1480 564 1545 celata
592 1487 688 1563 atque
715 1481 750 1546 in
776 1480 893 1566 oppido
917 1487 1051 1564 retente,
1077 1481 1176 1566 portis

143 1583 313 1668 patefactis
337 1603 374 1648 eo
396 1581 449 1647 die
470 1603 550 1666 poce
572 1590 646 1648 sunt
667 1584 725 1649 usi.

248 1685 402 1750 XXXIII.
447 1684 513 1751 Sub
536 1705 702 1769 vesperum
726 1687 842 1752 Caesar
867 1694 974 1771 portas
996 1685 1099 1752 claudi
1121 1685 1175 1749 mi·
1195 1706 1208 1752 1

143 1790 280 1872 litesque
302 1808 344 1853 ex
366 1787 481 1872 oppido
497 1788 585 1853 exire
605 1788 705 1869 iussit,
728 1808 769 1852 ne
792 1809 886 1870 quam
907 1795 1002 1854 noctu
1024 1786 1175 1872 oppidani

60 1969 66 1977 Ι
144 1894 187 1957 eb
210 1891 361 1956 militibus
383 1890 529 1955 iniuriam
551 1891 739 1975 acciperent.
784 1890 830 1954 illi
851 1897 927 1955 ante
953 1891 1042 1972 inito,
1068 1895 1104 1954 ut
1130 1889 1209 1956 ins

145 1995 306 2059 tellectum
342 1998 403 2074 est,
440 1993 583 2074 oonsilio,
619 1992 702 2076 quod
737 1991 898 2058 deditione
931 1993 1019 2058 faeta
1053 1998 1175 2057 nostros
1238 1979 1246 1989 ’

145 2095 305 2182 praesidia
327 2094 516 2161 deducturos
530 2101 585 2160 eut
600 2095 736 2179 denique
758 2095 975 2180 indiligentius
997 2102 1175 2162 servaturos

147 2197 355 2280 crediderant,
378 2198 493 2283 partim
516 2218 587 2263 cum
608 2199 656 2280 iis,
680 2219 762 2282 quae
782 2200 978 2265 retinuerant
1000 2205 1031 2264 et
1057 2200 1176 2265 celave-

146 2308 228 2383 rant,
251 2301 356 2382 armis,
379 2300 495 2384 partim
509 2301 606 2366 scutis
621 2321 662 2366 ex
678 2302 792 2367 cortice
813 2302 907 2368 factis
928 2309 984 2367 aut
1005 2302 1176 2367 viminibus

146 2404 289 2485 intextis,
317 2423 398 2486 quae
424 2403 537 2484 subito,
564 2409 600 2468 ut
625 2405 774 2488 temporis
803 2405 962 2488 exiguitas
987 2402 1189 2488 postulabat,

146 2507 283 2592 pellibus
304 2505 505 2586 induxerant,
528 2505 621 2570 tertie
634 2506 754 2589 vigilia,
777 2527 840 2590 que
854 2507 983 2571 minime
997 2506 1113 2570 arduus
1134 2505 1177 2569 ed

148 2617 272 2676 nostres
300 2609 491 2673 munitiones
519 2627 669 2674 ascensus
698 2607 874 2690 videbatur,
904 2608 1050 2673 omnibus
1079 2608 1177 2690 copiis

147 2711 313 2797 repentino
340 2731 381 2776 ex
408 2709 524 2794 oppido
552 2712 746 2795 eruptionem
772 2712 924 2776 fecerunt.
969 2710 1119 2791 celeriter,
1142 2716 1211 2776 ute

148 2823 224 2880 ante
252 2815 368 2881 Caesar
393 2815 572 2897 imperaret,
601 2815 729 2898 ignibus
757 2813 987 2898 significatione
1013 2813 1108 2894 facta,
1136 2832 1177 2877 ex

148 2919 301 3005 proximis
331 2919 467 2983 castellis
498 2937 535 2982 eo
565 2937 750 2983 concursum
779 2923 836 2998 est,
866 2922 1104 3002 pugnatumque
1136 2917 1212 2984 abe

148 3021 292 3088 hostibus
321 3021 367 3085 ita
396 3021 509 3085 acriter
536 3028 593 3102 est,
619 3027 655 3085 ut
680 3041 701 3085 a
722 3021 799 3086 viris
825 3021 958 3085 fortibus
979 3020 1013 3084 in
1036 3026 1179 3084 extreme

149 3145 207 3210 spe
237 3125 346 3190 salutis
375 3123 483 3206 iniquo
512 3124 580 3189 loco
610 3129 718 3189 contra
745 3143 808 3204 eos,
831 3123 885 3206 qui
915 3143 956 3187 ex
981 3123 1065 3186 vello
1091 3123 1179 3187 turri-

148 3229 272 3310 busque
309 3227 373 3291 tela
413 3226 567 3306 iacerent,
604 3227 739 3311 pugnari
777 3225 896 3306 debuit,
942 3245 1012 3290 cum
1044 3225 1078 3289 in
1115 3246 1180 3289 una

149 3333 267 3397 virtute
293 3329 394 3395 omnis
424 3348 498 3413 spes
524 3329 634 3394 salutis
660 3329 852 3394 consisteret.
884 3328 995 3394 occisis
1020 3327 1063 3392 ad
1084 3328 1213 3397 homi-o

150 3454 227 3498 num
253 3432 380 3498 milibus
407 3437 562 3514 quattuor,
588 3431 701 3514 reliqui
725 3431 760 3495 in
787 3431 937 3516 oppidum
963 3431 1071 3495 reiecti
1097 3437 1178 3495 sunt.

150 3534 301 3620 postridie
331 3534 398 3599 eius
431 3533 495 3599 diei
528 3533 671 3598 refractis
700 3534 807 3617 portis,
838 3553 910 3599 cum
937 3533 1001 3597 iam
1034 3531 1214 3600 defende-o

151 3645 199 3703 ret
231 3657 334 3718 nemo,
364 3643 459 3720 atque
487 3635 674 3701 intromissis
702 3636 854 3702 militibus
876 3636 989 3701 nostris
1011 3635 1181 3700 sectionem

153 3743 220 3806 eius
253 3739 361 3824 oppidi
394 3740 575 3803 universam
613 3738 729 3803 Caesar
763 3736 914 3802 vendidit.
966 3737 1007 3800 ab
1044 3737 1093 3817 iis,
1128 3737 1215 3818 quir

204 3851 321 3898 Geossr.
336 3849 432 3890 debello
448 3849 537 3890 Gnllioo.
1011 3843 1028 3888 4
