2966 4196
471 195 577 250 COMM.
591 195 625 252 V.
644 196 726 252 GAP.
739 195 952 250 Xlll-XVIII.
1183 181 1225 244 93

191 373 240 432 tes
262 372 394 451 possent
423 385 525 448 neque
554 367 595 432 ab
625 367 724 452 signis
754 366 916 433 discedere
937 367 1098 452 auderent,
1121 367 1225 433 minus

191 479 285 554 aptos
308 488 378 534 esse
392 467 434 533 ad
448 468 541 534 huius
555 470 681 554 generis
697 469 829 554 hostem,
853 471 975 552 equites
989 478 1094 536 autem
1109 491 1224 556 magno
1244 493 1263 539 a

192 593 264 636 cum
286 572 425 656 periculo
447 572 564 656 proelio
587 571 746 656 dimicare,
769 579 935 657 propterea
958 573 1041 655 quod
1062 574 1107 638 illi
1130 574 1224 639 etiam

192 676 333 740 consulto
355 675 539 759 plerumque
562 674 710 740 cederent
732 681 772 760 et,
797 695 868 740 cum
890 677 1019 760 paulum
1033 676 1074 741 ab
1097 677 1224 761 legioni-

191 778 251 842 bus
273 783 396 842 nostros
417 777 632 862 removissent,
649 797 690 843 ex
713 776 832 844 essedis
854 777 1015 843 desilirent
1038 779 1224 862 etpedibus

192 880 310 964 dispari
347 881 464 964 proelio
501 880 735 947 contenderent.
786 882 939 964 equestris
975 889 1079 946 autem
1115 882 1262 966 proeliis

192 985 271 1048 ratio
294 989 326 1048 et
347 982 532 1050 cedentibus
556 989 587 1049 et
609 984 848 1067 insequentibus
870 1005 928 1069 par
950 991 1044 1067 atque
1066 983 1150 1048 idem
1172 1003 1224 1067 pe

193 1087 324 1151 riculum
345 1086 511 1152 inferebat.
542 1085 716 1152 accedebat
738 1087 809 1172 hnc,
832 1094 868 1153 ut
889 1108 1060 1170 numquam
1083 1087 1262 1171 consortie

192 1189 249 1256 sed
271 1190 333 1253 rari
355 1189 540 1274 magnisque
562 1189 736 1255 intervallis
758 1191 983 1274 proeliarentur
1011 1191 1224 1274 stationesque

192 1293 361 1376 dispositas
382 1291 545 1376 haberent,
572 1299 668 1374 atque
693 1293 771 1358 alios
793 1293 847 1358 alii
870 1293 1020 1379 deinceps
1043 1295 1224 1379 exciperent

191 1395 370 1479 integrique
392 1400 424 1460 et
445 1401 588 1460 recentes
611 1394 793 1480 defatigatis
815 1396 1028 1462 succederent.

294 1498 398 1564 XVII.
433 1499 561 1563 Postero
584 1497 635 1562 die
657 1499 764 1583 procul
785 1520 806 1563 a
827 1501 937 1566 castris
959 1500 1065 1566 hostes
1086 1501 1120 1564 in
1143 1501 1257 1568 colli-r

191 1604 251 1668 bus
281 1601 487 1667 constiterunt
515 1601 639 1683 rarique
668 1621 703 1666 se
732 1602 898 1667 ostendere
931 1610 963 1668 et
995 1604 1096 1668 lenius
1129 1623 1223 1684 quam

191 1704 293 1790 pridie
323 1711 445 1770 nostros
475 1705 597 1786 equites
625 1704 742 1788 proelio
765 1706 919 1770 lacessere
942 1712 1119 1790 coeperunt.
1166 1704 1261 1771 sede

191 1806 332 1891 meridie,
357 1827 427 1872 cum
444 1807 560 1873 Caesar
574 1807 746 1892 pabulandi
766 1827 861 1872 causa
883 1813 946 1872 tres
967 1808 1108 1890 legiones
1128 1813 1223 1888 atque

191 1930 317 1976 omnem
347 1911 519 1992 equitatum
549 1930 620 1974 cum
651 1909 729 1975 Gaio
758 1910 914 1975 Trebonio
943 1910 1047 1993 legato
1076 1909 1221 1990 misisset,

191 2018 321 2097 repente
337 2033 378 2077 en
393 2013 538 2078 omnibus
552 2013 694 2096 partibus
709 2011 751 2076 ad
772 2013 971 2096 pabulatores
986 2011 1221 2095 advolaverunt,

191 2117 237 2181 sic
265 2116 312 2180 uti
340 2117 381 2181 ab
411 2115 510 2200 signis
537 2115 777 2199 legionibusque
798 2136 860 2181 non
883 2117 1080 2182 absisterent.
1125 2114 1261 2182 nostrie

190 2218 312 2284 acriter.
326 2219 360 2282 in
383 2237 437 2283 eos
458 2219 578 2302 impetu
600 2218 684 2283 facto
707 2221 909 2303 reppulerunt
930 2240 1033 2303 neque
1060 2219 1156 2284 finem
1178 2238 1223 2284 se-

192 2321 309 2404 quendi
331 2321 482 2401 fecerunt,
506 2320 610 2403 quoad
625 2321 764 2387 subsidio
780 2322 889 2388 confisi
904 2323 1036 2406 equites,
1060 2343 1130 2389 cum
1152 2329 1223 2408 post

191 2445 227 2490 se
248 2425 388 2508 legiones
410 2423 563 2507 viderent,
594 2424 782 2508 praecipites
804 2425 910 2491 hostes
933 2434 1073 2510 egerunt,
1097 2445 1222 2509 magno
1240 2445 1261 2492 4

192 2547 253 2609 que
275 2547 381 2591 eorum
403 2546 532 2591 numero
554 2526 719 2592 interfecto
742 2546 845 2610 neque
867 2527 915 2593 sui
930 2528 1098 2610 colligendi
1119 2547 1222 2608 neque

192 2629 384 2695 consistendi
406 2636 461 2694 aut
477 2649 517 2693 cx
534 2628 655 2694 essedis
676 2629 841 2694 desiliendi
862 2629 1043 2694 facultatem
1059 2629 1220 2694 dederunt.

192 2753 232 2797 ex
255 2732 315 2797 hac
336 2733 413 2816 iuga
434 2733 584 2816 protinus,
608 2751 689 2814 quae
704 2730 843 2814 undique
858 2738 1081 2812 convenerant,
1103 2731 1259 2798 auxilias

191 2835 412 2917 discesserunt,
435 2854 539 2916 neque
560 2841 632 2918 post
652 2833 686 2898 id
709 2841 832 2918 tempus
854 2853 1004 2916 umquam
1019 2833 1148 2898 summis
1169 2853 1221 2898 no·

191 2939 312 3004 biscum
335 2938 433 3020 copiis
454 2937 560 3002 hostes
583 2936 820 3002 contenderunt.

293 3041 412 3104 XVIII.
458 3040 573 3106 Caesar
596 3040 720 3124 cognito
743 3040 871 3104 consilio
899 3060 1004 3104 eorum
1034 3039 1076 3103 ad
1104 3038 1253 3107 flumenr

190 3143 348 3208 Tamesim
376 3143 411 3207 in
440 3142 520 3208 fines
542 3141 770 3208 Cassivellauni
800 3142 973 3206 exercitum
1003 3141 1107 3227 duxit3
1138 3140 1221 3224 quod

190 3245 306 3312 flumen
343 3265 406 3310 uno
442 3245 569 3310 omnino
606 3245 673 3310 loco
706 3243 856 3328 pedibus,
891 3251 986 3328 atque
1020 3244 1080 3312 hoc
1116 3265 1220 3329 aegre,

190 3349 316 3415 transiri
344 3354 456 3432 potest.
510 3368 546 3412 eo
577 3367 648 3412 oum
677 3347 824 3428 venisset,
854 3347 994 3414 animum
1022 3349 1158 3414 advertit
1179 3347 1258 3415 ada

190 3454 320 3518 alteram
355 3449 493 3516 fluminis
529 3451 630 3535 ripam
667 3470 799 3535 magnas
837 3470 905 3517 esse
943 3453 1049 3536 copias
1085 3451 1220 3517 hostium

189 3555 366 3621 instructas.
419 3553 489 3638 ripa
520 3560 627 3618 autem
664 3561 731 3618 erat
767 3554 868 3619 acutis
906 3554 1036 3620 rudibus
1072 3553 1255 3638 praefixisa

190 3658 319 3742 munita,
344 3655 546 3738 eiusdemque
569 3657 695 3740 generis
718 3658 776 3722 sub
799 3677 882 3739 aqua
904 3655 1030 3722 defixae
1052 3655 1145 3722 sudes
1166 3656 1220 3719 flu-

190 3762 274 3826 mine
296 3761 493 3844 tegebantur.
529 3757 578 3822 his
600 3759 694 3824 rebus
717 3759 851 3842 cognitis
872 3779 893 3823 a
915 3753 1048 3842 captivis
1071 3757 1256 3842 perfugis-c
