2936 4192
285 241 327 302 74
525 341 527 345 ¹
621 259 670 315 nn
687 261 805 316 senno
823 261 985 318 cnnmco

283 432 433 498 revinctis
456 438 544 497 tanta
567 439 633 497 erat
655 433 757 516 operis
780 434 937 501 firmitudo
959 443 1054 520 atque
1078 460 1116 504 ea
1137 461 1240 506 rerum
1263 465 1315 509 na·

284 543 363 616 tura,
386 541 430 616 ut,
454 555 515 617 quo
537 535 635 600 maior
657 535 705 600 vis
727 555 829 619 aquae
851 558 886 602 se
908 538 1113 623 incitavisset,
1138 543 1196 608 hoo
1217 546 1318 612 artius

249 638 404 722 oilligata
437 644 626 704 tenerentur.
671 638 751 705 haec
783 639 903 706 directa
935 645 1067 708 materia
1100 646 1217 713 iniecta
1246 670 1316 715 eon-

249 762 264 808 a
283 743 473 806 texebantur
498 741 537 805 ae'
562 741 713 825 longuriis
736 743 936 826 cratibusque
960 750 1254 836 consternebantur5
1277 773 1313 818 ae

282 843 379 909 nihilo
409 843 512 909 secius
542 843 681 909 sublicae
711 844 806 909 etad
832 845 1012 912 inferiorem
1033 856 1155 932 partem
1178 851 1318 920 fluminis

282 947 407 1029 oblique
440 948 626 1030 agebantur,
661 966 742 1027 quae
775 967 830 1030 pro
864 948 962 1014 ariete
996 951 1156 1016 subiectae
1184 960 1214 1018 et
1244 975 1315 1020 cum

232 1071 264 1117 ro
282 1049 367 1114 omni
389 1069 483 1133 opere
506 1048 692 1113 coniunctae
715 1048 779 1112 vim
801 1049 939 1116 fluminis
963 1053 1156 1136 exciperent,
1180 1063 1211 1121 et
1233 1057 1316 1123 aliae

184 1200 186 1206 .
280 1152 356 1216 item
378 1171 474 1235 supra
494 1157 622 1234 pontem
645 1149 795 1215 mediocri
813 1152 924 1235 spatio,
949 1159 992 1235 ut,
1008 1155 1035 1220 si
1050 1157 1197 1221 arborum
1212 1160 1314 1224 trunci

281 1255 349 1320 sive
361 1273 459 1318 naves
471 1252 629 1317 deiciendi
644 1251 747 1336 operis
763 1273 859 1318 causa
875 1262 980 1320 essent
995 1277 1015 1321 a
1030 1258 1173 1324 barbaris
1188 1261 1313 1342 missae,

280 1357 330 1422 his
352 1356 569 1422 defensoribus
593 1375 700 1419 earum
721 1375 824 1418 rerum
848 1357 896 1420 vis
918 1357 1118 1441 minueretur,
1142 1381 1205 1427 neu
1226 1367 1314 1447 ponti

280 1466 437 1524 nocerent.

247 1585 260 1630 1
381 1561 501 1626 XVIII.
535 1560 656 1626 Diebus
679 1559 798 1642 decem,
823 1562 936 1644 quibus
958 1565 1091 1630 materia
1113 1575 1224 1651 coepta
1247 1579 1316 1634 erat

246 1686 261 1733 a
280 1663 475 1748 comportari,
499 1663 583 1728 omni
599 1683 693 1747 opere
716 1665 828 1730 effecto
851 1666 1007 1732 exercitus
1031 1668 1212 1735 traducitur.
1237 1671 1312 1737 Gae-

279 1767 394 1834 sarad
416 1775 580 1850 utramque
602 1773 724 1851 partem
745 1767 851 1850 pontis
863 1767 954 1832 firmo
977 1770 1135 1852 praesidio
1149 1773 1257 1838 relicto
1280 1774 1312 1838 in

245 1871 357 1939 afines
391 1871 635 1954 Sugambrorum
669 1869 839 1935 contendit.
885 1870 1010 1935 interim
1043 1893 1064 1936 a
1101 1875 1314 1958 compluribus

279 1973 459 2038 civitatibus
481 1971 523 2036 ad
545 1993 617 2036 eum
639 1972 736 2056 legati
758 1972 903 2058 veniunt,
935 1974 1049 2055 quibus
1078 1995 1190 2058 pacem
1216 1985 1313 2060 atque

277 2075 448 2140 amicitiam
463 2075 643 2158 petentibus
657 2075 827 2140 liberaliter
840 2075 1002 2158 respondit
1017 2076 1205 2160 obsidesque
1220 2079 1262 2143 ad
1277 2101 1311 2146 se

244 2177 393 2246 redduci
415 2177 510 2242 iubet.
549 2176 715 2260 Sugambri
738 2196 779 2240 ex
802 2196 839 2242 ec
855 2184 1003 2261 tempore,
1020 2199 1080 2261 quo
1096 2200 1176 2263 pons
1190 2180 1311 2247 institui

279 2286 407 2363 coeptus
437 2286 498 2360 est,
533 2278 611 2362 fuga
640 2286 820 2362 comparata
848 2279 1046 2346 hortantibus
1077 2282 1129 2364 iis,
1162 2304 1239 2366 quos
1270 2305 1309 2349 ex

277 2380 439 2447 Tencteris
472 2387 567 2463 atque
598 2380 779 2464 Usipetibus
811 2381 896 2466 apud
930 2402 965 2448 se
994 2383 1164 2466 habebant,
1195 2386 1312 2452 finibus

277 2485 342 2550 suis
373 2489 574 2549 excesserant
602 2504 722 2566 suaque
751 2485 857 2549 omnia
891 2493 1136 2570 exportaverant
1157 2507 1254 2571 seque
1276 2489 1311 2554 in

276 2586 477 2653 solitudinem
499 2606 537 2650 ac
559 2586 654 2651 silvas
676 2587 873 2652 abdiderant.

245 2713 257 2758 1
380 2690 469 2754 XIX.
516 2689 632 2756 Caesar
654 2709 771 2773 paucos
793 2689 861 2756 dies
883 2691 917 2756 in
940 2711 1047 2757 eorum
1070 2692 1185 2759 finibus
1213 2716 1308 2761 mora

276 2800 327 2858 tus
364 2793 508 2858 omnibus
543 2791 621 2856 vicis
658 2791 873 2875 aedificiisque
906 2793 1044 2860 incensis
1082 2795 1312 2880 frumentisque

276 2896 405 2962 succisis
435 2915 469 2959 se
498 2895 532 2958 in
562 2894 642 2959 fines
665 2896 816 2961 Ubiorum
837 2897 956 2980 recepit
977 2905 1073 2980 atque
1095 2898 1134 2962 iis
1156 2899 1309 2964 auxilium

276 3019 366 3064 suum
393 2997 558 3081 pollicitus,
585 2997 679 3062 siah
707 2998 820 3064 Suebis
848 3007 1071 3082 premerentur,
1100 3000 1180 3066 haee
1206 3002 1311 3066 abiis

242 3100 437 3184 acognovit:
461 3101 591 3182 Suebos,
620 3108 825 3184 posteaquam
855 3121 911 3185 per
939 3102 1151 3185 exploratores
1181 3110 1309 3186 pontem

275 3203 343 3268 fieri
374 3203 607 3287 comperissent,
637 3223 723 3268 more
752 3223 808 3268 suo
839 3204 969 3269 concilio
996 3204 1104 3270 habito
1126 3205 1253 3270 nuntios
1275 3205 1309 3270 in

276 3325 385 3372 omnes
407 3313 512 3389 partes
535 3305 700 3386 dimisisse,
724 3305 769 3370 uti
791 3304 832 3370 de
851 3305 975 3389 oppidis
991 3305 1211 3391 demigrarent,
1234 3307 1308 3373 libe

276 3429 336 3490 ros,
371 3427 484 3473 uxores
517 3427 637 3491 suaque
667 3408 772 3471 omnia
801 3407 834 3470 in
865 3407 952 3472 silvis
982 3406 1185 3491 deponerent,
1212 3417 1311 3492 atque

276 3530 394 3591 omnes,
426 3510 479 3593 qui
509 3530 597 3573 arma
626 3508 707 3573 ferre
730 3516 867 3593 possent,
898 3530 994 3573 unum
1016 3509 1050 3574 in
1072 3510 1175 3575 locum
1198 3531 1307 3576 conve·

241 3635 257 3682 s
275 3614 392 3678 nirent:
416 3612 500 3676 hunc
523 3631 591 3676 esse
606 3610 762 3676 delectum
777 3610 915 3676 medium
930 3611 996 3676 fere
1010 3612 1174 3696 regionum
1190 3633 1309 3695 earum,

276 3736 354 3800 quas
384 3713 481 3782 Suebi
511 3713 702 3798 obtinerent;
732 3712 784 3777 hie
812 3714 1024 3778 Romanorum
1053 3713 1225 3779 adventum
1255 3736 1306 3781 ex·

241 3839 258 3887 4
275 3826 418 3905 spectare
433 3823 529 3900 atque
544 3815 589 3881 ihi
604 3813 764 3879 decertare
780 3813 987 3880 constituisse.
1020 3814 1103 3896 quod
1119 3816 1174 3883 ubi
1190 3818 1310 3884 Caesar
