<?xml version="1.0" encoding="UTF-8"?>
<!DOCTYPE html PUBLIC "-//W3C//DTD XHTML 1.0 Transitional//EN"
    "http://www.w3.org/TR/xhtml1/DTD/xhtml1-transitional.dtd">
<html xmlns="http://www.w3.org/1999/xhtml" xml:lang="en" lang="en">
 <head>
  <title>
</title>
<meta http-equiv="Content-Type" content="text/html;charset=utf-8" />
  <meta name='ocr-system' content='tesseract 3.04.00' />
  <meta name='ocr-capabilities' content='ocr_page ocr_carea ocr_par ocr_line ocrx_word'/>
</head>
<body>
  <div class='ocr_page' id='page_1' title='image "./commentariidebe00pramgoog_0118.png"; bbox 0 0 2966 4196; ppageno 0'>
   <div class='ocr_carea' id='block_1_1' title="bbox 415 193 1228 264">
    <p class='ocr_par' dir='ltr' id='par_1_1' title="bbox 415 193 1228 264">
     <span class='ocr_line' id='line_1_1' title="bbox 415 193 1228 264; baseline -0.005 -2"><span class='ocrx_word' id='word_1_1' title='bbox 415 207 523 263; x_wconf 84' lang='lat' dir='ltr'>COMM.</span> <span class='ocrx_word' id='word_1_2' title='bbox 535 207 569 264; x_wconf 87' lang='lat' dir='ltr'><strong>V.</strong></span> <span class='ocrx_word' id='word_1_3' title='bbox 588 207 671 262; x_wconf 84' lang='lat' dir='ltr'><strong>cAP.</strong></span> <span class='ocrx_word' id='word_1_4' title='bbox 683 207 1010 264; x_wconf 88' lang='lat' dir='ltr'>XXXIV—XXXVIII.</span> <span class='ocrx_word' id='word_1_5' title='bbox 1166 193 1228 258; x_wconf 85' lang='lat'><strong>103</strong></span> 
     </span>
    </p>
   </div>
   <div class='ocr_carea' id='block_1_2' title="bbox 187 381 1264 3866">
    <p class='ocr_par' dir='ltr' id='par_1_2' title="bbox 195 381 1264 672">
     <span class='ocr_line' id='line_1_2' title="bbox 197 381 1229 466; baseline -0.001 -19"><span class='ocrx_word' id='word_1_6' title='bbox 197 381 352 448; x_wconf 80' lang='lat' dir='ltr'>excedant</span> <span class='ocrx_word' id='word_1_7' title='bbox 374 388 406 446; x_wconf 92' lang='lat' dir='ltr'><strong>et</strong></span> <span class='ocrx_word' id='word_1_8' title='bbox 421 401 491 446; x_wconf 89' lang='lat' dir='ltr'><strong>oum</strong></span> <span class='ocrx_word' id='word_1_9' title='bbox 506 381 690 464; x_wconf 85' lang='lat' dir='ltr'><strong>Ambiorige</strong></span> <span class='ocrx_word' id='word_1_10' title='bbox 704 400 769 445; x_wconf 88' lang='lat' dir='ltr'><strong>una</strong></span> <span class='ocrx_word' id='word_1_11' title='bbox 784 381 1013 466; x_wconf 89' lang='lat' dir='ltr'><strong>colloquantur;</strong></span> <span class='ocrx_word' id='word_1_12' title='bbox 1037 401 1172 466; x_wconf 89' lang='lat' dir='ltr'><strong>sperare,</strong></span> <span class='ocrx_word' id='word_1_13' title='bbox 1188 382 1229 446; x_wconf 91' lang='lat' dir='ltr'><strong>ab</strong></span> 
     </span>
     <span class='ocr_line' id='line_1_3' title="bbox 196 483 1264 569; baseline 0.003 -19"><span class='ocrx_word' id='word_1_14' title='bbox 196 505 233 550; x_wconf 88' lang='lat' dir='ltr'><strong>eo</strong></span> <span class='ocrx_word' id='word_1_15' title='bbox 255 483 295 550; x_wconf 85' lang='lat' dir='ltr'><strong>de</strong></span> <span class='ocrx_word' id='word_1_16' title='bbox 318 504 375 550; x_wconf 86' lang='lat' dir='ltr'><strong>sua</strong></span> <span class='ocrx_word' id='word_1_17' title='bbox 397 504 435 549; x_wconf 89' lang='lat' dir='ltr'><strong>ac</strong></span> <span class='ocrx_word' id='word_1_18' title='bbox 461 483 594 548; x_wconf 92' lang='lat' dir='ltr'><strong>militum</strong></span> <span class='ocrx_word' id='word_1_19' title='bbox 617 483 718 548; x_wconf 86' lang='lat' dir='ltr'><strong>salute</strong></span> <span class='ocrx_word' id='word_1_20' title='bbox 744 483 905 568; x_wconf 88' lang='lat' dir='ltr'><strong>impetrari</strong></span> <span class='ocrx_word' id='word_1_21' title='bbox 934 505 1036 569; x_wconf 89' lang='lat' dir='ltr'><strong>posse.</strong></span> <span class='ocrx_word' id='word_1_22' title='bbox 1077 485 1169 552; x_wconf 85' lang='lat' dir='ltr'><strong>Cotta</strong></span> <span class='ocrx_word' id='word_1_23' title='bbox 1195 504 1264 553; x_wconf 75' lang='lat' dir='ltr'><strong>ser</strong></span> 
     </span>
     <span class='ocr_line' id='line_1_4' title="bbox 195 586 1228 672; baseline 0.001 -21"><span class='ocrx_word' id='word_1_24' title='bbox 195 586 236 652; x_wconf 87' lang='lat' dir='ltr'><strong>ad</strong></span> <span class='ocrx_word' id='word_1_25' title='bbox 258 593 413 652; x_wconf 88' lang='lat' dir='ltr'><strong>armatum</strong></span> <span class='ocrx_word' id='word_1_26' title='bbox 436 587 558 652; x_wconf 82' lang='lat' dir='ltr'>hostem</span> <span class='ocrx_word' id='word_1_27' title='bbox 581 587 696 650; x_wconf 88' lang='lat' dir='ltr'><strong>iturum</strong></span> <span class='ocrx_word' id='word_1_28' title='bbox 716 593 813 670; x_wconf 88' lang='lat' dir='ltr'><strong>negat</strong></span> <span class='ocrx_word' id='word_1_29' title='bbox 827 593 923 670; x_wconf 87' lang='lat' dir='ltr'><strong>atque</strong></span> <span class='ocrx_word' id='word_1_30' title='bbox 937 587 970 652; x_wconf 94' lang='lat' dir='ltr'><strong>in</strong></span> <span class='ocrx_word' id='word_1_31' title='bbox 987 609 1023 653; x_wconf 94' lang='lat' dir='ltr'><strong>eo</strong></span> <span class='ocrx_word' id='word_1_32' title='bbox 1038 594 1228 672; x_wconf 86' lang='lat' dir='ltr'><strong>perseverat.</strong></span> 
     </span>
    </p>

    <p class='ocr_par' dir='ltr' id='par_1_3' title="bbox 191 690 1262 2630">
     <span class='ocr_line' id='line_1_5' title="bbox 297 690 1260 776; baseline 0.002 -20"><span class='ocrx_word' id='word_1_33' title='bbox 297 692 464 756; x_wconf 90' lang='lat' dir='ltr'>XXXVII.</span> <span class='ocrx_word' id='word_1_34' title='bbox 511 691 661 775; x_wconf 84' lang='lat' dir='ltr'><strong>Sabinus,</strong></span> <span class='ocrx_word' id='word_1_35' title='bbox 697 709 774 773; x_wconf 91' lang='lat' dir='ltr'><strong>quos</strong></span> <span class='ocrx_word' id='word_1_36' title='bbox 807 690 840 755; x_wconf 92' lang='lat' dir='ltr'><strong>in</strong></span> <span class='ocrx_word' id='word_1_37' title='bbox 874 691 1055 776; x_wconf 90' lang='lat' dir='ltr'><strong>praesentia</strong></span> <span class='ocrx_word' id='word_1_38' title='bbox 1088 691 1260 758; x_wconf 87' lang='lat' dir='ltr'><strong>tribunosr</strong></span> 
     </span>
     <span class='ocr_line' id='line_1_6' title="bbox 195 793 1229 878; baseline -0.002 -18"><span class='ocrx_word' id='word_1_39' title='bbox 195 795 328 860; x_wconf 92' lang='lat' dir='ltr'><strong>militum</strong></span> <span class='ocrx_word' id='word_1_40' title='bbox 355 794 471 858; x_wconf 88' lang='lat' dir='ltr'><strong>circum</strong></span> <span class='ocrx_word' id='word_1_41' title='bbox 499 814 534 859; x_wconf 89' lang='lat' dir='ltr'><strong>se</strong></span> <span class='ocrx_word' id='word_1_42' title='bbox 561 793 709 877; x_wconf 86' lang='lat' dir='ltr'><strong>habebat,</strong></span> <span class='ocrx_word' id='word_1_43' title='bbox 738 799 769 858; x_wconf 93' lang='lat' dir='ltr'><strong>et</strong></span> <span class='ocrx_word' id='word_1_44' title='bbox 795 793 966 878; x_wconf 90' lang='lat' dir='ltr'><strong>primorum</strong></span> <span class='ocrx_word' id='word_1_45' title='bbox 993 793 1138 859; x_wconf 87' lang='lat' dir='ltr'>ordinum</span> <span class='ocrx_word' id='word_1_46' title='bbox 1160 813 1229 858; x_wconf 92' lang='lat' dir='ltr'><strong>cen·</strong></span> 
     </span>
     <span class='ocr_line' id='line_1_7' title="bbox 195 896 1230 980; baseline 0 -18"><span class='ocrx_word' id='word_1_47' title='bbox 195 898 332 962; x_wconf 84' lang='lat' dir='ltr'><strong>tuniones</strong></span> <span class='ocrx_word' id='word_1_48' title='bbox 355 915 390 961; x_wconf 87' lang='lat' dir='ltr'><strong>se</strong></span> <span class='ocrx_word' id='word_1_49' title='bbox 413 897 502 979; x_wconf 88' lang='lat' dir='ltr'><strong>sequi</strong></span> <span class='ocrx_word' id='word_1_50' title='bbox 524 896 612 961; x_wconf 90' lang='lat' dir='ltr'><strong>iubet</strong></span> <span class='ocrx_word' id='word_1_51' title='bbox 635 901 675 980; x_wconf 90' lang='lat' dir='ltr'><strong>et,</strong></span> <span class='ocrx_word' id='word_1_52' title='bbox 699 916 770 960; x_wconf 93' lang='lat' dir='ltr'><strong>cum</strong></span> <span class='ocrx_word' id='word_1_53' title='bbox 793 897 921 980; x_wconf 88' lang='lat' dir='ltr'><strong>propius</strong></span> <span class='ocrx_word' id='word_1_54' title='bbox 943 897 1159 980; x_wconf 85' lang='lat' dir='ltr'><strong>Ambiorigem</strong></span> <span class='ocrx_word' id='word_1_55' title='bbox 1181 916 1230 962; x_wconf 83' lang='lat' dir='ltr'><strong>ao</strong></span> 
     </span>
     <span class='ocr_line' id='line_1_8' title="bbox 195 999 1227 1084; baseline -0.002 -18"><span class='ocrx_word' id='word_1_56' title='bbox 195 1002 349 1083; x_wconf 81' lang='lat' dir='ltr'><strong>cessisset,</strong></span> <span class='ocrx_word' id='word_1_57' title='bbox 378 1000 480 1065; x_wconf 89' lang='lat' dir='ltr'><strong>iussus</strong></span> <span class='ocrx_word' id='word_1_58' title='bbox 506 1021 595 1064; x_wconf 85' lang='lat' dir='ltr'><strong>arma</strong></span> <span class='ocrx_word' id='word_1_59' title='bbox 620 999 746 1064; x_wconf 87' lang='lat' dir='ltr'><strong>abicere</strong></span> <span class='ocrx_word' id='word_1_60' title='bbox 773 1000 962 1084; x_wconf 91' lang='lat' dir='ltr'><strong>imperatum</strong></span> <span class='ocrx_word' id='word_1_61' title='bbox 988 999 1065 1064; x_wconf 86' lang='lat' dir='ltr'><strong>facit</strong></span> <span class='ocrx_word' id='word_1_62' title='bbox 1092 1000 1227 1082; x_wconf 90' lang='lat' dir='ltr'><strong>suisque,</strong></span> 
     </span>
     <span class='ocr_line' id='line_1_9' title="bbox 194 1101 1262 1186; baseline 0.002 -20"><span class='ocrx_word' id='word_1_63' title='bbox 194 1109 228 1167; x_wconf 89' lang='lat' dir='ltr'><strong>ut</strong></span> <span class='ocrx_word' id='word_1_64' title='bbox 250 1102 336 1167; x_wconf 87' lang='lat' dir='ltr'><strong>idem</strong></span> <span class='ocrx_word' id='word_1_65' title='bbox 358 1102 485 1186; x_wconf 87' lang='lat' dir='ltr'><strong>faciant,</strong></span> <span class='ocrx_word' id='word_1_66' title='bbox 508 1101 651 1186; x_wconf 86' lang='lat' dir='ltr'><strong>imperat.</strong></span> <span class='ocrx_word' id='word_1_67' title='bbox 686 1102 821 1185; x_wconf 90' lang='lat' dir='ltr'><strong>interim,</strong></span> <span class='ocrx_word' id='word_1_68' title='bbox 846 1101 920 1166; x_wconf 93' lang='lat' dir='ltr'><strong>dum</strong></span> <span class='ocrx_word' id='word_1_69' title='bbox 937 1101 977 1168; x_wconf 93' lang='lat' dir='ltr'><strong>de</strong></span> <span class='ocrx_word' id='word_1_70' title='bbox 993 1101 1228 1168; x_wconf 91' lang='lat' dir='ltr'><strong>condicionibus</strong></span> <span class='ocrx_word' id='word_1_71' title='bbox 1248 1122 1262 1168; x_wconf 81' lang='lat' dir='ltr'><strong>a</strong></span> 
     </span>
     <span class='ocr_line' id='line_1_10' title="bbox 194 1203 1228 1289; baseline -0.003 -19"><span class='ocrx_word' id='word_1_72' title='bbox 194 1206 276 1270; x_wconf 89' lang='lat' dir='ltr'><strong>inter</strong></span> <span class='ocrx_word' id='word_1_73' title='bbox 302 1225 337 1270; x_wconf 76' lang='lat' dir='ltr'><strong>se</strong></span> <span class='ocrx_word' id='word_1_74' title='bbox 362 1211 464 1288; x_wconf 88' lang='lat' dir='ltr'><strong>agunt</strong></span> <span class='ocrx_word' id='word_1_75' title='bbox 489 1205 674 1288; x_wconf 83' lang='lat' dir='ltr'><strong>longiorque</strong></span> <span class='ocrx_word' id='word_1_76' title='bbox 701 1205 842 1270; x_wconf 88' lang='lat' dir='ltr'><strong>consulto</strong></span> <span class='ocrx_word' id='word_1_77' title='bbox 868 1206 910 1270; x_wconf 93' lang='lat' dir='ltr'><strong>ab</strong></span> <span class='ocrx_word' id='word_1_78' title='bbox 932 1205 1116 1289; x_wconf 83' lang='lat' dir='ltr'><strong>Ambiorige</strong></span> <span class='ocrx_word' id='word_1_79' title='bbox 1142 1203 1228 1268; x_wconf 91' lang='lat' dir='ltr'><strong>insti·</strong></span> 
     </span>
     <span class='ocr_line' id='line_1_11' title="bbox 194 1306 1262 1392; baseline 0.002 -20"><span class='ocrx_word' id='word_1_80' title='bbox 194 1309 290 1372; x_wconf 90' lang='lat' dir='ltr'><strong>tuitur</strong></span> <span class='ocrx_word' id='word_1_81' title='bbox 323 1327 439 1392; x_wconf 90' lang='lat' dir='ltr'><strong>sermo,</strong></span> <span class='ocrx_word' id='word_1_82' title='bbox 473 1307 626 1392; x_wconf 85' lang='lat' dir='ltr'><strong>paulatim</strong></span> <span class='ocrx_word' id='word_1_83' title='bbox 660 1306 890 1374; x_wconf 73' lang='lat' dir='ltr'><strong>nucumventus</strong></span> <span class='ocrx_word' id='word_1_84' title='bbox 923 1308 1115 1374; x_wconf 86' lang='lat' dir='ltr'><strong>interficitur.</strong></span> <span class='ocrx_word' id='word_1_85' title='bbox 1161 1314 1262 1374; x_wconf 80' lang='lat' dir='ltr'><strong>turne</strong></span> 
     </span>
     <span class='ocr_line' id='line_1_12' title="bbox 194 1411 1228 1493; baseline -0.002 -17"><span class='ocrx_word' id='word_1_86' title='bbox 194 1431 268 1476; x_wconf 90' lang='lat' dir='ltr'><strong>vero</strong></span> <span class='ocrx_word' id='word_1_87' title='bbox 292 1431 347 1476; x_wconf 92' lang='lat' dir='ltr'><strong>suo</strong></span> <span class='ocrx_word' id='word_1_88' title='bbox 370 1430 456 1476; x_wconf 91' lang='lat' dir='ltr'><strong>more</strong></span> <span class='ocrx_word' id='word_1_89' title='bbox 478 1411 641 1476; x_wconf 87' lang='lat' dir='ltr'><strong>victoriam</strong></span> <span class='ocrx_word' id='word_1_90' title='bbox 664 1411 861 1475; x_wconf 86' lang='lat' dir='ltr'><strong>conclamant</strong></span> <span class='ocrx_word' id='word_1_91' title='bbox 883 1417 978 1493; x_wconf 90' lang='lat' dir='ltr'><strong>atque</strong></span> <span class='ocrx_word' id='word_1_92' title='bbox 999 1411 1151 1476; x_wconf 80' lang='lat' dir='ltr'><strong>ulrrlatum</strong></span> <span class='ocrx_word' id='word_1_93' title='bbox 1174 1411 1228 1475; x_wconf 95' lang='lat' dir='ltr'><strong>tol-</strong></span> 
     </span>
     <span class='ocr_line' id='line_1_13' title="bbox 193 1512 1262 1598; baseline 0.003 -20"><span class='ocrx_word' id='word_1_94' title='bbox 193 1515 262 1579; x_wconf 86' lang='lat' dir='ltr'><strong>lunt</strong></span> <span class='ocrx_word' id='word_1_95' title='bbox 283 1515 465 1598; x_wconf 87' lang='lat' dir='ltr'><strong>impetuque</strong></span> <span class='ocrx_word' id='word_1_96' title='bbox 487 1514 520 1578; x_wconf 93' lang='lat' dir='ltr'><strong>in</strong></span> <span class='ocrx_word' id='word_1_97' title='bbox 542 1520 664 1579; x_wconf 88' lang='lat' dir='ltr'><strong>nostros</strong></span> <span class='ocrx_word' id='word_1_98' title='bbox 685 1512 770 1578; x_wconf 84' lang='lat' dir='ltr'><strong>facto</strong></span> <span class='ocrx_word' id='word_1_99' title='bbox 793 1513 918 1579; x_wconf 83' lang='lat' dir='ltr'><strong>ordines</strong></span> <span class='ocrx_word' id='word_1_100' title='bbox 944 1515 1137 1598; x_wconf 89' lang='lat' dir='ltr'><strong>perturbant.</strong></span> <span class='ocrx_word' id='word_1_101' title='bbox 1182 1513 1262 1581; x_wconf 70' lang='lat' dir='ltr'><strong>ibic</strong></span> 
     </span>
     <span class='ocr_line' id='line_1_14' title="bbox 193 1616 1227 1703; baseline -0.002 -19"><span class='ocrx_word' id='word_1_102' title='bbox 193 1617 308 1684; x_wconf 89' lang='lat' dir='ltr'><strong>Lucius</strong></span> <span class='ocrx_word' id='word_1_103' title='bbox 342 1617 433 1684; x_wconf 81' lang='lat' dir='ltr'><strong>Cotta</strong></span> <span class='ocrx_word' id='word_1_104' title='bbox 465 1637 612 1703; x_wconf 87' lang='lat' dir='ltr'><strong>pugnans</strong></span> <span class='ocrx_word' id='word_1_105' title='bbox 643 1616 828 1681; x_wconf 90' lang='lat' dir='ltr'><strong>interficitur</strong></span> <span class='ocrx_word' id='word_1_106' title='bbox 861 1637 932 1682; x_wconf 91' lang='lat' dir='ltr'><strong>oum</strong></span> <span class='ocrx_word' id='word_1_107' title='bbox 965 1617 1106 1682; x_wconf 84' lang='lat' dir='ltr'><strong>maxima</strong></span> <span class='ocrx_word' id='word_1_108' title='bbox 1137 1622 1227 1701; x_wconf 86' lang='lat' dir='ltr'><strong>parte</strong></span> 
     </span>
     <span class='ocr_line' id='line_1_15' title="bbox 193 1719 1224 1804; baseline -0.002 -19"><span class='ocrx_word' id='word_1_109' title='bbox 193 1721 335 1785; x_wconf 87' lang='lat' dir='ltr'><strong>militum.</strong></span> <span class='ocrx_word' id='word_1_110' title='bbox 360 1720 472 1803; x_wconf 88' lang='lat' dir='ltr'><strong>reliqui</strong></span> <span class='ocrx_word' id='word_1_111' title='bbox 488 1740 522 1785; x_wconf 89' lang='lat' dir='ltr'><strong>se</strong></span> <span class='ocrx_word' id='word_1_112' title='bbox 541 1721 574 1784; x_wconf 92' lang='lat' dir='ltr'><strong>in</strong></span> <span class='ocrx_word' id='word_1_113' title='bbox 594 1726 697 1786; x_wconf 89' lang='lat' dir='ltr'><strong>castra</strong></span> <span class='ocrx_word' id='word_1_114' title='bbox 711 1719 874 1804; x_wconf 89' lang='lat' dir='ltr'><strong>recipiunt,</strong></span> <span class='ocrx_word' id='word_1_115' title='bbox 894 1719 979 1785; x_wconf 92' lang='lat' dir='ltr'><strong>unde</strong></span> <span class='ocrx_word' id='word_1_116' title='bbox 994 1726 1083 1785; x_wconf 89' lang='lat' dir='ltr'><strong>erant</strong></span> <span class='ocrx_word' id='word_1_117' title='bbox 1098 1719 1224 1804; x_wconf 88' lang='lat' dir='ltr'><strong>egressi.</strong></span> 
     </span>
     <span class='ocr_line' id='line_1_16' title="bbox 193 1817 1261 1907; baseline 0.001 -18"><span class='ocrx_word' id='word_1_118' title='bbox 193 1843 235 1889; x_wconf 90' lang='lat' dir='ltr'><strong>ex</strong></span> <span class='ocrx_word' id='word_1_119' title='bbox 258 1824 370 1905; x_wconf 92' lang='lat' dir='ltr'><strong>quibus</strong></span> <span class='ocrx_word' id='word_1_120' title='bbox 389 1823 505 1889; x_wconf 89' lang='lat' dir='ltr'><strong>Lucius</strong></span> <span class='ocrx_word' id='word_1_121' title='bbox 519 1817 711 1888; x_wconf 85' lang='lat' dir='ltr'><strong>Petrosidius</strong></span> <span class='ocrx_word' id='word_1_122' title='bbox 732 1822 887 1907; x_wconf 86' lang='lat' dir='ltr'><strong>aquilifer,</strong></span> <span class='ocrx_word' id='word_1_123' title='bbox 917 1843 988 1888; x_wconf 93' lang='lat' dir='ltr'><strong>cum</strong></span> <span class='ocrx_word' id='word_1_124' title='bbox 1010 1843 1128 1907; x_wconf 87' lang='lat' dir='ltr'><strong>magua</strong></span> <span class='ocrx_word' id='word_1_125' title='bbox 1149 1823 1261 1890; x_wconf 84' lang='lat' dir='ltr'><strong>mul-s</strong></span> 
     </span>
     <span class='ocr_line' id='line_1_17' title="bbox 193 1925 1224 2010; baseline 0 -19"><span class='ocrx_word' id='word_1_126' title='bbox 193 1927 327 1991; x_wconf 89' lang='lat' dir='ltr'><strong>titudine</strong></span> <span class='ocrx_word' id='word_1_127' title='bbox 354 1927 490 1992; x_wconf 88' lang='lat' dir='ltr'><strong>hostium</strong></span> <span class='ocrx_word' id='word_1_128' title='bbox 516 1932 719 2010; x_wconf 84' lang='lat' dir='ltr'><strong>premeretur,</strong></span> <span class='ocrx_word' id='word_1_129' title='bbox 746 1926 885 2008; x_wconf 79' lang='lat' dir='ltr'><strong>equdem</strong></span> <span class='ocrx_word' id='word_1_130' title='bbox 912 1925 996 1990; x_wconf 87' lang='lat' dir='ltr'><strong>intra</strong></span> <span class='ocrx_word' id='word_1_131' title='bbox 1017 1927 1135 1990; x_wconf 82' lang='lat' dir='ltr'><strong>vallum</strong></span> <span class='ocrx_word' id='word_1_132' title='bbox 1157 1946 1224 2010; x_wconf 86' lang='lat' dir='ltr'><strong>pro</strong></span> 
     </span>
     <span class='ocr_line' id='line_1_18' title="bbox 192 2028 1260 2114; baseline 0 -19"><span class='ocrx_word' id='word_1_133' title='bbox 192 2030 274 2114; x_wconf 88' lang='lat' dir='ltr'><strong>iecit,</strong></span> <span class='ocrx_word' id='word_1_134' title='bbox 301 2029 370 2114; x_wconf 89' lang='lat' dir='ltr'><strong>ipse</strong></span> <span class='ocrx_word' id='word_1_135' title='bbox 397 2049 453 2114; x_wconf 94' lang='lat' dir='ltr'><strong>pro</strong></span> <span class='ocrx_word' id='word_1_136' title='bbox 476 2029 586 2095; x_wconf 86' lang='lat' dir='ltr'><strong>castris</strong></span> <span class='ocrx_word' id='word_1_137' title='bbox 612 2029 781 2094; x_wconf 80' lang='lat' dir='ltr'><strong>fortissime</strong></span> <span class='ocrx_word' id='word_1_138' title='bbox 807 2049 954 2114; x_wconf 84' lang='lat' dir='ltr'><strong>pugnans</strong></span> <span class='ocrx_word' id='word_1_139' title='bbox 976 2028 1135 2094; x_wconf 89' lang='lat' dir='ltr'><strong>occiditur.</strong></span> <span class='ocrx_word' id='word_1_140' title='bbox 1178 2029 1260 2096; x_wconf 87' lang='lat' dir='ltr'><strong>illie</strong></span> 
     </span>
     <span class='ocr_line' id='line_1_19' title="bbox 192 2132 1224 2219; baseline -0.003 -19"><span class='ocrx_word' id='word_1_141' title='bbox 192 2153 287 2218; x_wconf 87' lang='lat' dir='ltr'><strong>aegre</strong></span> <span class='ocrx_word' id='word_1_142' title='bbox 318 2133 362 2199; x_wconf 90' lang='lat' dir='ltr'><strong>ad</strong></span> <span class='ocrx_word' id='word_1_143' title='bbox 394 2140 519 2200; x_wconf 90' lang='lat' dir='ltr'><strong>noctem</strong></span> <span class='ocrx_word' id='word_1_144' title='bbox 552 2135 820 2218; x_wconf 85' lang='lat' dir='ltr'><strong>oppugnationem</strong></span> <span class='ocrx_word' id='word_1_145' title='bbox 851 2134 1020 2219; x_wconf 73' lang='lat' dir='ltr'><strong>sustinent,</strong></span> <span class='ocrx_word' id='word_1_146' title='bbox 1055 2139 1150 2200; x_wconf 90' lang='lat' dir='ltr'><strong>noctu</strong></span> <span class='ocrx_word' id='word_1_147' title='bbox 1182 2132 1224 2197; x_wconf 89' lang='lat' dir='ltr'><strong>ad</strong></span> 
     </span>
     <span class='ocr_line' id='line_1_20' title="bbox 192 2236 1259 2323; baseline 0.002 -21"><span class='ocrx_word' id='word_1_148' title='bbox 192 2257 289 2302; x_wconf 93' lang='lat' dir='ltr'><strong>unum</strong></span> <span class='ocrx_word' id='word_1_149' title='bbox 311 2257 421 2302; x_wconf 90' lang='lat' dir='ltr'><strong>omnes</strong></span> <span class='ocrx_word' id='word_1_150' title='bbox 443 2236 610 2323; x_wconf 88' lang='lat' dir='ltr'><strong>desperata</strong></span> <span class='ocrx_word' id='word_1_151' title='bbox 632 2238 733 2303; x_wconf 89' lang='lat' dir='ltr'><strong>salute</strong></span> <span class='ocrx_word' id='word_1_152' title='bbox 755 2257 790 2302; x_wconf 89' lang='lat' dir='ltr'><strong>se</strong></span> <span class='ocrx_word' id='word_1_153' title='bbox 812 2237 874 2322; x_wconf 92' lang='lat' dir='ltr'><strong>ipsi</strong></span> <span class='ocrx_word' id='word_1_154' title='bbox 895 2237 1095 2304; x_wconf 86' lang='lat' dir='ltr'><strong>interficiunt.</strong></span> <span class='ocrx_word' id='word_1_155' title='bbox 1130 2237 1259 2322; x_wconf 73' lang='lat' dir='ltr'><strong>paucis</strong></span> 
     </span>
     <span class='ocr_line' id='line_1_21' title="bbox 192 2339 1223 2425; baseline 0 -21"><span class='ocrx_word' id='word_1_156' title='bbox 192 2361 233 2404; x_wconf 87' lang='lat' dir='ltr'><strong>ex</strong></span> <span class='ocrx_word' id='word_1_157' title='bbox 255 2341 373 2425; x_wconf 85' lang='lat' dir='ltr'><strong>proelio</strong></span> <span class='ocrx_word' id='word_1_158' title='bbox 397 2341 496 2425; x_wconf 90' lang='lat' dir='ltr'><strong>elapsi</strong></span> <span class='ocrx_word' id='word_1_159' title='bbox 517 2339 646 2405; x_wconf 88' lang='lat' dir='ltr'><strong>incertis</strong></span> <span class='ocrx_word' id='word_1_160' title='bbox 668 2340 834 2406; x_wconf 89' lang='lat' dir='ltr'><strong>itineribus</strong></span> <span class='ocrx_word' id='word_1_161' title='bbox 856 2360 914 2424; x_wconf 88' lang='lat' dir='ltr'><strong>per</strong></span> <span class='ocrx_word' id='word_1_162' title='bbox 936 2341 1033 2408; x_wconf 89' lang='lat' dir='ltr'><strong>silvas</strong></span> <span class='ocrx_word' id='word_1_163' title='bbox 1055 2340 1097 2406; x_wconf 88' lang='lat' dir='ltr'><strong>ad</strong></span> <span class='ocrx_word' id='word_1_164' title='bbox 1116 2341 1223 2405; x_wconf 82' lang='lat' dir='ltr'><strong>&#39;litum</strong></span> 
     </span>
     <span class='ocr_line' id='line_1_22' title="bbox 191 2442 1223 2528; baseline 0.001 -21"><span class='ocrx_word' id='word_1_165' title='bbox 191 2443 367 2508; x_wconf 88' lang='lat' dir='ltr'><strong>Labienum</strong></span> <span class='ocrx_word' id='word_1_166' title='bbox 388 2443 559 2527; x_wconf 87' lang='lat' dir='ltr'><strong>legatum</strong></span> <span class='ocrx_word' id='word_1_167' title='bbox 549 2464 582 2507; x_wconf 92' lang='lat' dir='ltr'><strong>m</strong></span> <span class='ocrx_word' id='word_1_168' title='bbox 605 2443 739 2508; x_wconf 89' lang='lat' dir='ltr'><strong>hiberna</strong></span> <span class='ocrx_word' id='word_1_169' title='bbox 760 2444 950 2528; x_wconf 89' lang='lat' dir='ltr'><strong>perveniunt</strong></span> <span class='ocrx_word' id='word_1_170' title='bbox 970 2465 991 2508; x_wconf 91' lang='lat' dir='ltr'><strong>a</strong></span> <span class='ocrx_word' id='word_1_171' title='bbox 991 2449 1066 2526; x_wconf 90' lang='lat' dir='ltr'><strong>tque</strong></span> <span class='ocrx_word' id='word_1_172' title='bbox 1089 2463 1161 2510; x_wconf 88' lang='lat' dir='ltr'><strong>eum</strong></span> <span class='ocrx_word' id='word_1_173' title='bbox 1182 2442 1223 2508; x_wconf 90' lang='lat' dir='ltr'><strong>de</strong></span> 
     </span>
     <span class='ocr_line' id='line_1_23' title="bbox 191 2545 746 2630; baseline 0 -20"><span class='ocrx_word' id='word_1_174' title='bbox 191 2547 286 2612; x_wconf 91' lang='lat' dir='ltr'><strong>rebus</strong></span> <span class='ocrx_word' id='word_1_175' title='bbox 308 2547 407 2630; x_wconf 86' lang='lat' dir='ltr'><strong>gestis</strong></span> <span class='ocrx_word' id='word_1_176' title='bbox 430 2547 594 2611; x_wconf 83' lang='lat' dir='ltr'><strong>certiorem</strong></span> <span class='ocrx_word' id='word_1_177' title='bbox 617 2545 746 2612; x_wconf 86' lang='lat' dir='ltr'><strong>faciunt.</strong></span> 
     </span>
    </p>

    <p class='ocr_par' dir='ltr' id='par_1_4' title="bbox 187 2649 1260 3866">
     <span class='ocr_line' id='line_1_24' title="bbox 293 2649 1260 2717; baseline 0.002 -3"><span class='ocrx_word' id='word_1_178' title='bbox 293 2649 476 2714; x_wconf 88' lang='lat' dir='ltr'>XXXVIII.</span> <span class='ocrx_word' id='word_1_179' title='bbox 521 2650 591 2714; x_wconf 91' lang='lat' dir='ltr'><strong>Hac</strong></span> <span class='ocrx_word' id='word_1_180' title='bbox 612 2649 744 2715; x_wconf 88' lang='lat' dir='ltr'><strong>victoria</strong></span> <span class='ocrx_word' id='word_1_181' title='bbox 766 2650 869 2714; x_wconf 90' lang='lat' dir='ltr'><strong>sublat</strong></span> <span class='ocrx_word' id='word_1_182' title='bbox 856 2655 907 2714; x_wconf 91' lang='lat' dir='ltr'><strong>tus</strong></span> <span class='ocrx_word' id='word_1_183' title='bbox 929 2649 1094 2714; x_wconf 83' lang='lat' dir='ltr'><strong>Ambiorix</strong></span> <span class='ocrx_word' id='word_1_184' title='bbox 1116 2649 1222 2714; x_wconf 86' lang='lat' dir='ltr'><strong>statrm</strong></span> <span class='ocrx_word' id='word_1_185' title='bbox 1242 2670 1260 2717; x_wconf 90' lang='lat'>1</span> 
     </span>
     <span class='ocr_line' id='line_1_25' title="bbox 191 2751 1221 2836; baseline -0.001 -19"><span class='ocrx_word' id='word_1_186' title='bbox 191 2771 262 2817; x_wconf 90' lang='lat' dir='ltr'><strong>cum</strong></span> <span class='ocrx_word' id='word_1_187' title='bbox 285 2751 456 2834; x_wconf 77' lang='lat' dir='ltr'><strong>equitnm</strong></span> <span class='ocrx_word' id='word_1_188' title='bbox 446 2773 480 2817; x_wconf 93' lang='lat' dir='ltr'><strong>m</strong></span> <span class='ocrx_word' id='word_1_189' title='bbox 495 2751 686 2836; x_wconf 81' lang='lat' dir='ltr'><strong>Aduatucos,</strong></span> <span class='ocrx_word' id='word_1_190' title='bbox 710 2753 869 2836; x_wconf 87' lang='lat' dir='ltr'><strong>quierant</strong></span> <span class='ocrx_word' id='word_1_191' title='bbox 892 2751 959 2817; x_wconf 91' lang='lat' dir='ltr'><strong>eius</strong></span> <span class='ocrx_word' id='word_1_192' title='bbox 974 2771 1072 2836; x_wconf 89' lang='lat' dir='ltr'><strong>regno</strong></span> <span class='ocrx_word' id='word_1_193' title='bbox 1087 2752 1221 2836; x_wconf 90' lang='lat' dir='ltr'><strong>finitimi,</strong></span> 
     </span>
     <span class='ocr_line' id='line_1_26' title="bbox 190 2853 1221 2940; baseline 0 -21"><span class='ocrx_word' id='word_1_194' title='bbox 190 2855 408 2940; x_wconf 85' lang='lat' dir='ltr'><strong>proficiscitur;</strong></span> <span class='ocrx_word' id='word_1_195' title='bbox 430 2875 534 2938; x_wconf 89' lang='lat' dir='ltr'><strong>neque</strong></span> <span class='ocrx_word' id='word_1_196' title='bbox 555 2860 681 2920; x_wconf 90' lang='lat' dir='ltr'><strong>noctem</strong></span> <span class='ocrx_word' id='word_1_197' title='bbox 703 2875 806 2938; x_wconf 92' lang='lat' dir='ltr'><strong>neque</strong></span> <span class='ocrx_word' id='word_1_198' title='bbox 828 2853 912 2920; x_wconf 93' lang='lat' dir='ltr'><strong>diem</strong></span> <span class='ocrx_word' id='word_1_199' title='bbox 934 2854 1112 2920; x_wconf 89' lang='lat' dir='ltr'><strong>intermittit</strong></span> <span class='ocrx_word' id='word_1_200' title='bbox 1137 2853 1221 2939; x_wconf 91' lang='lat' dir='ltr'><strong>pedi·</strong></span> 
     </span>
     <span class='ocr_line' id='line_1_27' title="bbox 190 2957 1260 3040; baseline 0.002 -18"><span class='ocrx_word' id='word_1_201' title='bbox 190 2963 351 3040; x_wconf 81' lang='lat' dir='ltr'><strong>totumque</strong></span> <span class='ocrx_word' id='word_1_202' title='bbox 374 2977 443 3023; x_wconf 88' lang='lat' dir='ltr'><strong>sese</strong></span> <span class='ocrx_word' id='word_1_203' title='bbox 466 2958 614 3040; x_wconf 89' lang='lat' dir='ltr'><strong>subsequi</strong></span> <span class='ocrx_word' id='word_1_204' title='bbox 632 2958 729 3024; x_wconf 90' lang='lat' dir='ltr'><strong>iubet.</strong></span> <span class='ocrx_word' id='word_1_205' title='bbox 759 2978 794 3024; x_wconf 88' lang='lat' dir='ltr'><strong>re</strong></span> <span class='ocrx_word' id='word_1_206' title='bbox 810 2957 1024 3024; x_wconf 86' lang='lat' dir='ltr'><strong>demonstrata</strong></span> <span class='ocrx_word' id='word_1_207' title='bbox 1038 2957 1221 3023; x_wconf 88' lang='lat' dir='ltr'><strong>Aduatucis-</strong></span> <span class='ocrx_word' id='word_1_208' title='bbox 1239 2979 1260 3024; x_wconf 77' lang='lat' dir='ltr'><strong>a·</strong></span> 
     </span>
     <span class='ocr_line' id='line_1_28' title="bbox 190 3060 1221 3146; baseline 0.001 -21"><span class='ocrx_word' id='word_1_209' title='bbox 190 3079 251 3143; x_wconf 89' lang='lat' dir='ltr'><strong>que</strong></span> <span class='ocrx_word' id='word_1_210' title='bbox 274 3061 436 3126; x_wconf 86' lang='lat' dir='ltr'><strong>concitatis</strong></span> <span class='ocrx_word' id='word_1_211' title='bbox 461 3067 586 3146; x_wconf 89' lang='lat' dir='ltr'><strong>postero</strong></span> <span class='ocrx_word' id='word_1_212' title='bbox 609 3060 661 3126; x_wconf 90' lang='lat' dir='ltr'><strong>die</strong></span> <span class='ocrx_word' id='word_1_213' title='bbox 687 3061 721 3126; x_wconf 94' lang='lat' dir='ltr'><strong>in</strong></span> <span class='ocrx_word' id='word_1_214' title='bbox 743 3062 878 3127; x_wconf 88' lang='lat' dir='ltr'><strong>Nervios</strong></span> <span class='ocrx_word' id='word_1_215' title='bbox 904 3061 1050 3146; x_wconf 86' lang='lat' dir='ltr'><strong>pervenit</strong></span> <span class='ocrx_word' id='word_1_216' title='bbox 1071 3061 1221 3126; x_wconf 78' lang='lat' dir='ltr'><strong>hortatu-</strong></span> 
     </span>
     <span class='ocr_line' id='line_1_29' title="bbox 191 3163 1221 3250; baseline 0.004 -24"><span class='ocrx_word' id='word_1_217' title='bbox 191 3182 259 3244; x_wconf 89' lang='lat' dir='ltr'><strong>que,</strong></span> <span class='ocrx_word' id='word_1_218' title='bbox 290 3184 332 3228; x_wconf 92' lang='lat' dir='ltr'><strong>nc</strong></span> <span class='ocrx_word' id='word_1_219' title='bbox 366 3164 414 3230; x_wconf 91' lang='lat' dir='ltr'><strong>sui</strong></span> <span class='ocrx_word' id='word_1_220' title='bbox 447 3164 480 3228; x_wconf 94' lang='lat' dir='ltr'><strong>in</strong></span> <span class='ocrx_word' id='word_1_221' title='bbox 513 3170 699 3250; x_wconf 90' lang='lat' dir='ltr'><strong>perpetuum</strong></span> <span class='ocrx_word' id='word_1_222' title='bbox 731 3165 887 3230; x_wconf 88' lang='lat' dir='ltr'><strong>liberandi</strong></span> <span class='ocrx_word' id='word_1_223' title='bbox 920 3171 1016 3249; x_wconf 92' lang='lat' dir='ltr'><strong>atque</strong></span> <span class='ocrx_word' id='word_1_224' title='bbox 1050 3163 1221 3232; x_wconf 88' lang='lat' dir='ltr'><strong>ulciscendi</strong></span> 
     </span>
     <span class='ocr_line' id='line_1_30' title="bbox 188 3266 1220 3353; baseline 0.002 -23"><span class='ocrx_word' id='word_1_225' title='bbox 188 3266 346 3332; x_wconf 89' lang='lat' dir='ltr'><strong>Romanos</strong></span> <span class='ocrx_word' id='word_1_226' title='bbox 375 3287 431 3352; x_wconf 93' lang='lat' dir='ltr'><strong>pro</strong></span> <span class='ocrx_word' id='word_1_227' title='bbox 461 3268 513 3351; x_wconf 91' lang='lat' dir='ltr'><strong>iis,</strong></span> <span class='ocrx_word' id='word_1_228' title='bbox 546 3286 624 3349; x_wconf 88' lang='lat' dir='ltr'><strong>quas</strong></span> <span class='ocrx_word' id='word_1_229' title='bbox 650 3268 843 3353; x_wconf 89' lang='lat' dir='ltr'><strong>acceperint,</strong></span> <span class='ocrx_word' id='word_1_230' title='bbox 874 3267 996 3335; x_wconf 88' lang='lat' dir='ltr'><strong>iniuriis</strong></span> <span class='ocrx_word' id='word_1_231' title='bbox 1025 3269 1220 3336; x_wconf 90' lang='lat' dir='ltr'><strong>occasionem</strong></span> 
     </span>
     <span class='ocr_line' id='line_1_31' title="bbox 188 3367 1253 3456; baseline 0.006 -24"><span class='ocrx_word' id='word_1_232' title='bbox 188 3367 362 3434; x_wconf 91' lang='lat' dir='ltr'><strong>dimittant:</strong></span> <span class='ocrx_word' id='word_1_233' title='bbox 385 3370 566 3437; x_wconf 82' lang='lat' dir='ltr'><strong>interfectos</strong></span> <span class='ocrx_word' id='word_1_234' title='bbox 589 3391 659 3437; x_wconf 89' lang='lat' dir='ltr'><strong>esse</strong></span> <span class='ocrx_word' id='word_1_235' title='bbox 680 3371 802 3456; x_wconf 90' lang='lat' dir='ltr'><strong>legatos</strong></span> <span class='ocrx_word' id='word_1_236' title='bbox 825 3371 903 3438; x_wconf 91' lang='lat' dir='ltr'><strong>duos</strong></span> <span class='ocrx_word' id='word_1_237' title='bbox 918 3393 1131 3456; x_wconf 89' lang='lat' dir='ltr'><strong>magnamque</strong></span> <span class='ocrx_word' id='word_1_238' title='bbox 1153 3392 1220 3456; x_wconf 90' lang='lat' dir='ltr'><strong>par·</strong></span> <span class='ocrx_word' id='word_1_239' title='bbox 1238 3391 1253 3438; x_wconf 85' lang='lat'><strong>3</strong></span> 
     </span>
     <span class='ocr_line' id='line_1_32' title="bbox 188 3473 1260 3561; baseline 0.007 -26"><span class='ocrx_word' id='word_1_240' title='bbox 188 3478 252 3536; x_wconf 90' lang='lat' dir='ltr'><strong>tem</strong></span> <span class='ocrx_word' id='word_1_241' title='bbox 283 3474 439 3539; x_wconf 87' lang='lat' dir='ltr'><strong>exercitus</strong></span> <span class='ocrx_word' id='word_1_242' title='bbox 468 3474 614 3540; x_wconf 90' lang='lat' dir='ltr'><strong>interisse</strong></span> <span class='ocrx_word' id='word_1_243' title='bbox 644 3474 851 3561; x_wconf 81' lang='lat' dir='ltr'><strong>demonstrat3</strong></span> <span class='ocrx_word' id='word_1_244' title='bbox 882 3475 962 3541; x_wconf 93' lang='lat' dir='ltr'><strong>nihil</strong></span> <span class='ocrx_word' id='word_1_245' title='bbox 992 3495 1062 3542; x_wconf 88' lang='lat' dir='ltr'><strong>csse</strong></span> <span class='ocrx_word' id='word_1_246' title='bbox 1091 3473 1260 3558; x_wconf 66' lang='lat' dir='ltr'><strong>negotiis</strong></span> 
     </span>
     <span class='ocr_line' id='line_1_33' title="bbox 188 3575 1218 3662; baseline 0.002 -22"><span class='ocrx_word' id='word_1_247' title='bbox 188 3575 291 3640; x_wconf 91' lang='lat' dir='ltr'><strong>subito</strong></span> <span class='ocrx_word' id='word_1_248' title='bbox 322 3595 506 3660; x_wconf 88' lang='lat' dir='ltr'><strong>oppressam</strong></span> <span class='ocrx_word' id='word_1_249' title='bbox 527 3576 695 3662; x_wconf 90' lang='lat' dir='ltr'><strong>legionem,</strong></span> <span class='ocrx_word' id='word_1_250' title='bbox 724 3598 805 3660; x_wconf 88' lang='lat' dir='ltr'><strong>quae</strong></span> <span class='ocrx_word' id='word_1_251' title='bbox 828 3599 899 3645; x_wconf 91' lang='lat' dir='ltr'><strong>cum</strong></span> <span class='ocrx_word' id='word_1_252' title='bbox 920 3579 1070 3646; x_wconf 82' lang='lat' dir='ltr'><strong>Cicerone</strong></span> <span class='ocrx_word' id='word_1_253' title='bbox 1092 3577 1218 3660; x_wconf 88' lang='lat' dir='ltr'><strong>hiemet,</strong></span> 
     </span>
     <span class='ocr_line' id='line_1_34' title="bbox 187 3677 1220 3766; baseline 0.003 -25"><span class='ocrx_word' id='word_1_254' title='bbox 187 3677 335 3764; x_wconf 75' lang='lat' dir='ltr'><strong>interlici3</strong></span> <span class='ocrx_word' id='word_1_255' title='bbox 358 3698 393 3744; x_wconf 87' lang='lat' dir='ltr'><strong>se</strong></span> <span class='ocrx_word' id='word_1_256' title='bbox 415 3678 458 3743; x_wconf 93' lang='lat' dir='ltr'><strong>ad</strong></span> <span class='ocrx_word' id='word_1_257' title='bbox 480 3699 551 3744; x_wconf 89' lang='lat' dir='ltr'><strong>eam</strong></span> <span class='ocrx_word' id='word_1_258' title='bbox 572 3699 639 3745; x_wconf 91' lang='lat' dir='ltr'><strong>rem</strong></span> <span class='ocrx_word' id='word_1_259' title='bbox 661 3680 824 3766; x_wconf 89' lang='lat' dir='ltr'><strong>profitetur</strong></span> <span class='ocrx_word' id='word_1_260' title='bbox 837 3681 1020 3748; x_wconf 89' lang='lat' dir='ltr'><strong>adiutorem.</strong></span> <span class='ocrx_word' id='word_1_261' title='bbox 1051 3679 1145 3747; x_wconf 88' lang='lat' dir='ltr'><strong>facile</strong></span> <span class='ocrx_word' id='word_1_262' title='bbox 1160 3678 1220 3745; x_wconf 86' lang='lat' dir='ltr'><strong>hac</strong></span> 
     </span>
     <span class='ocr_line' id='line_1_35' title="bbox 187 3781 673 3866; baseline 0.01 -23"><span class='ocrx_word' id='word_1_263' title='bbox 187 3782 327 3846; x_wconf 89' lang='lat' dir='ltr'><strong>oratione</strong></span> <span class='ocrx_word' id='word_1_264' title='bbox 348 3781 477 3846; x_wconf 87' lang='lat' dir='ltr'><strong>Nerviis</strong></span> <span class='ocrx_word' id='word_1_265' title='bbox 498 3781 673 3866; x_wconf 80' lang='lat' dir='ltr'><strong>persuadet.</strong></span> 
     </span>
    </p>
   </div>
   <div class='ocr_carea' id='block_1_3' title="bbox 0 0 1488 4196">
    <p class='ocr_par' dir='ltr' id='par_1_5' title="bbox 0 0 1488 4196">
     <span class='ocr_line' id='line_1_36' title="bbox 0 0 1488 4196; baseline 0 3"><span class='ocrx_word' id='word_1_266' title='bbox 0 0 1488 4196; x_wconf 95' lang='lat' dir='ltr'><strong> </strong></span> 
     </span>
    </p>
   </div>
  </div>
 </body>
</html>
