2936 4192
419 209 526 266 ΟΟΜΜ.
545 210 582 266 11.
601 211 684 266 cAP.
704 211 901 268 XXI-XXV.
1132 199 1176 262 45

138 381 356 467 Boduognato,
380 385 433 466 qni
456 404 611 448 summam
625 385 749 469 imperii
764 386 902 467 tenebat,
925 385 968 451 ad
983 405 1055 452 eum
1074 387 1176 453 locum
1273 428 1277 438 ·

139 484 383 571 contenderunt3
408 507 539 570 quorum
552 506 627 572 pars
641 494 751 573 aperto
774 488 874 554 latere
892 489 1034 572 legiones
1049 489 1176 554 circum-
1194 511 1214 557 s

138 589 260 670 venire,
283 609 358 674 pars
379 609 535 656 summum
558 597 729 655 castrorum
751 591 855 656 locum
877 598 987 676 petere
1010 593 1121 676 coepit.

244 693 362 758 XXIV.
396 691 516 758 Eodem
537 700 679 778 ternpore
702 695 824 776 equites
846 694 944 760 nostri
965 695 1109 778 levisque
1130 715 1212 764 arr

139 803 283 863 maturae
325 795 458 881 pedites,
482 796 630 880 quicum
651 796 691 862 iis
713 817 778 862 nna
803 796 939 878 fuerant,
970 818 1047 881 quos
1076 799 1176 884 primo

139 899 277 966 hostium
298 899 418 985 impetu
432 900 539 984 pulsos
561 898 716 982 dixeram,
739 919 810 965 cnm
833 919 868 966 se
889 900 923 966 in
940 907 1043 967 castra
1061 902 1177 986 recipe

140 1009 220 1085 rent,
250 1002 394 1069 adversis
423 1002 568 1069 hostibus
597 1003 804 1070 occurrebant
832 1023 872 1068 ac
898 1023 1004 1070 rursus
1025 995 1121 1068 aliam
1142 1005 1175 1069 in

139 1113 263 1193 partem
292 1106 401 1190 fugam
430 1108 592 1191 petebant,
623 1113 655 1173 ct
685 1108 821 1188 calones,
852 1107 907 1190 qui
935 1107 977 1173 ah
1000 1106 1215 1176 decumanae

140 1215 231 1295 porta
253 1229 292 1274 ac
313 1227 434 1274 summo
455 1209 529 1293 iugo
552 1210 641 1276 collis
659 1217 789 1276 notros
797 1211 932 1277 victores
946 1211 1063 1276 flumen
1078 1217 1177 1276 trans·

139 1313 203 1379 isse
233 1318 472 1396 conspexerant,
506 1311 683 1396 praedandi
706 1333 802 1380 causa
825 1314 954 1399 egressi,
982 1335 1053 1379 cum
1075 1334 1177 1399 respo

141 1417 264 1482 xissent
298 1420 330 1480 et
358 1414 464 1480 hostes
500 1415 534 1479 in
558 1411 682 1483 'nostris
714 1417 825 1484 castris
858 1418 978 1484 versari
1011 1416 1176 1499 vidissent,

139 1518 330 1604 praecipites
351 1517 447 1602 fugae
469 1537 540 1584 sese
561 1519 767 1586 mandabant.
791 1521 884 1586 simul
899 1540 1015 1602 eornm,
1037 1521 1177 1603 quicum
1195 1541 1215 1589 s

139 1621 375 1707 impedimentis
407 1621 588 1704 veniebant,
623 1625 739 1689 clamor
772 1624 977 1706 fremitusque
1009 1624 1176 1705 oriebatur,

140 1727 258 1809 aliique
280 1725 376 1790 aliem
397 1726 431 1789 in
452 1731 576 1810 partem
596 1727 754 1810 perterriti
770 1725 962 1792 ferebantur.
987 1727 1100 1808 quihus
1114 1745 1215 1795 ome

141 1829 236 1895 nibus
256 1830 351 1895 rebus
372 1828 505 1913 permoti
528 1829 649 1912 equites
663 1829 803 1910 moveri,
827 1847 958 1912 qnorum
972 1829 1055 1893 inter
1071 1828 1177 1894 Gallos

141 1932 268 1998 virtutis
283 1932 389 2017 opinio
405 1938 452 1998 est
469 1932 648 2015 singularis,
672 1932 725 2015 qui
740 1931 852 1997 auxilii
868 1949 963 1996 causa
984 1931 1026 1996 ab
1050 1930 1178 1996 civitate

141 2035 184 2100 ad
212 2035 380 2102 Gaesarem
410 2035 495 2100 missi
527 2041 690 2116 venerant,
722 2055 792 2100 cum
819 2032 1019 2099 multitudine
1041 2033 1177 2099 hostium

143 2145 247 2204 castra
269 2138 418 2224 compleri
440 2147 557 2220 nostra,
580 2139 721 2222 legiones
748 2137 849 2222 premi
872 2129 904 2202 et
925 2157 1028 2221 paene
1051 2137 1178 2202 circum·

142 2247 256 2308 ventas
283 2241 393 2322 teneri,
422 2242 558 2323 calones,
587 2241 718 2324 equites,
744 2239 930 2321 funditores,
957 2238 1112 2304 Numidas
1134 2238 1178 2304 di·

142 2365 251 2411 versos
281 2343 513 2429 dissipatosque
541 2345 576 2409 in
605 2363 715 2410 omnes
744 2351 850 2430 partes
878 2343 989 2428 fugere
1013 2342 1177 2424 vidissent,

142 2447 320 2533 desperatis
348 2447 463 2513 nostris
489 2448 583 2513 rebus
604 2446 733 2513 domum
756 2446 997 2531 contenderunt3
1019 2447 1178 2511 Romanos
1197 2467 1216 2514 s

143 2552 251 2636 pulsos
273 2557 509 2635 superatosque,
533 2551 643 2615 castris
664 2550 961 2634 impedimentisque
991 2569 1098 2614 eorum
1127 2548 1178 2612 ho-

144 2663 208 2721 stes
230 2655 346 2739 potitos
368 2653 489 2719 civitati
510 2653 780 2718 renuntiaverunt.

248 2757 350 2822 XXV.
383 2756 500 2823 Cacsar
520 2757 561 2821 ab
585 2753 728 2820 decimae
748 2755 882 2839 legionis
902 2753 1115 2819 cohortatione
1136 2751 1178 2816 ad
1199 2778 1214 2822 r

145 2861 293 2926 dextrum
327 2880 423 2924 cornu
456 2858 624 2943 profectus,
656 2859 711 2923 ubi
732 2878 805 2924 suos
826 2857 931 2942 urgeri
954 2857 1116 2940 signisque
1144 2856 1178 2920 in

144 2985 242 3030 unum
264 2964 368 3029 locum
391 2962 511 3027 collatis
525 2960 730 3026 duodecimae
744 2961 877 3044 legionis
893 2959 1049 3026 confertos
1063 2959 1179 3024 milites

145 3067 206 3132 sibi
223 3067 310 3150 ipsos
327 3063 370 3129 ad
388 3085 528 3150 pugnam
548 3083 617 3130 csse
631 3062 855 3148 impedimento
873 3062 963 3146 vidit,
979 3069 1110 3147 quartae
1132 3082 1179 3128 co-

144 3170 245 3236 hortis
268 3167 414 3234 omnibus
444 3166 678 3234 centurionibus
708 3165 819 3230 occisis
849 3164 1062 3249 signiferoque
1087 3165 1180 3230 inter-

144 3273 239 3354 fecto,
267 3272 358 3354 signo
380 3270 506 3351 amisso,
529 3269 719 3352 reliquarum
742 3267 914 3334 cohortium
944 3268 1088 3332 omnibus
1114 3267 1182 3332 fere

146 3375 382 3442 centurionibus
396 3379 452 3438 aut
467 3373 640 3438 vulneratis
654 3378 709 3437 aut
724 3371 845 3452 occisis,
860 3371 894 3436 in
909 3370 959 3435 his
973 3370 1130 3454 primipilo
1144 3370 1179 3435 P.

146 3479 257 3546 Sextio
279 3477 407 3558 Baculo,
422 3475 592 3541 fortissimo
607 3475 685 3557 viro,
700 3475 806 3540 multis
821 3474 1033 3558 gravibusque
1048 3473 1181 3538 vulneri·

146 3585 207 3649 hus
222 3582 375 3662 coniecto,
390 3586 425 3644 ut
439 3579 504 3643 iarn
519 3598 554 3644 sc
568 3579 723 3643 sustinere
737 3598 801 3643 non
815 3583 931 3664 posset,
954 3577 1089 3657 reliquos
1112 3594 1182 3639 esse
1203 3643 1205 3648 ,

146 3685 300 3751 tardiores
323 3690 355 3750 et
375 3682 542 3748 nonnullos
564 3680 605 3745 ab
628 3681 807 3746 novissimis
829 3679 953 3745 deserto
975 3679 1043 3742 loco
1064 3677 1185 3761 proelio

148 3788 302 3854 excedere
330 3805 370 3852 ac
400 3785 464 3851 tela
493 3785 604 3866 vitare,
635 3783 741 3849 hostes
770 3802 873 3865 neque
902 3802 923 3846 a
949 3781 1050 3844 fronte
1072 3799 1113 3843 ex
1135 3780 1182 3842 in-
