2960 4192
301 208 363 272 186
634 225 683 278 DE
700 221 817 279 BELLO
835 223 997 280 GALLICO

298 398 455 481 Reginum
485 398 518 462 in
540 397 771 479 Ambiuaretos,
793 397 900 462 Titum
930 397 1073 464 Sextium
1102 398 1137 462 in
1163 399 1335 483 Bituriges,

298 499 411 564 Gaium
435 500 603 565 Caninium
624 500 771 566 Rebilum
800 500 834 564 in
856 502 996 565 Rutenos
1028 520 1099 564 cum
1130 502 1262 585 singulis
1291 503 1336 566 le·

263 603 443 686 ugionibus
465 604 569 668 mittit.
595 602 746 679 Quintum
768 603 904 668 Tullium
926 603 1109 669 Ciceronem
1131 610 1163 669 ct
1183 604 1335 670 Publium

178 703 182 711 '
297 705 469 790 Sulpicium
493 706 649 772 Cabilloni
679 712 711 770 et
732 706 906 771 Matiscone
934 705 968 770 in
990 705 1110 770 Aeduis
1138 705 1181 770 ad
1206 707 1335 771 Ararim

296 807 342 872 rei
363 807 586 873 frumentariae
609 828 705 873 causa
735 809 873 874 collocat.
919 807 988 892 ipse
1018 808 1165 874 Bibracte
1191 808 1335 873 hiemare

263 931 279 980 8
300 911 468 975 constituit.
493 911 543 976 bis
564 913 659 977 rebus
682 931 722 975 ex
744 911 856 976 litteris
881 911 1026 976 Caesaris
1055 911 1189 995 cognitis
1211 913 1334 976 Romae

297 1012 418 1078 dierum
440 1013 553 1098 viginti
575 1014 762 1098 supplicatio
785 1013 933 1079 redditur.

712 1243 916 1250 ————

700 1427 741 1506 A.
768 1424 930 1506 ururu

400 1623 496 1722 Du
543 1623 816 1723 BELLO
864 1622 1235 1725 GALLICO

555 1839 864 1900 COMMENTARIUS
887 1839 1074 1900 OCTAVUS.

263 2063 276 2110 1
401 2041 535 2106 Coactus
557 2041 692 2118 assiduis
715 2041 777 2106 tuis
790 2041 930 2122 vocibus,
952 2042 1061 2124 Balbe,
1085 2063 1156 2107 cum
1173 2041 1331 2108 cotidiana

296 2164 366 2208 mea
388 2143 541 2208 recusatio
561 2163 624 2208 non
640 2143 835 2208 difficultatis
851 2145 1102 2226 excusationem,
1119 2144 1176 2210 sed
1198 2145 1331 2210 inertiae

296 2245 454 2308 videretur
466 2245 720 2329 deprecationem
736 2246 863 2328 habere,
878 2267 945 2311 rem
961 2247 1180 2313 difficillimam
1194 2247 1328 2332 suscepi.

262 2347 441 2416 rCaesaris
471 2349 569 2412 nostri
601 2349 841 2415 commentarios
870 2369 974 2414 rerum
1003 2356 1172 2434 gestarum,
1196 2371 1259 2416 non
1282 2370 1330 2416 co·

191 2461 193 2464 ’
295 2451 497 2514 haerentibus
521 2451 731 2534 superioribus
746 2457 842 2534 atque
857 2453 1097 2535 insequentibus
1112 2453 1179 2518 eius
1195 2454 1329 2538 scriptis,

295 2554 442 2619 contexui
476 2555 744 2638 novissimumque
766 2550 996 2638 'imperfectum
1028 2557 1069 2622 ab
1104 2558 1197 2622 rebus
1230 2556 1329 2640 gestis

294 2656 508 2722 Alexandriae
531 2657 650 2722 confeci
673 2678 772 2739 usque
795 2656 837 2721 ad
859 2657 979 2722 exitum
1001 2679 1064 2724 non
1081 2658 1208 2742 quidem
1228 2659 1329 2724 civilis

294 2751 508 2841 dissensionis,
533 2760 620 2824 cuius
642 2760 738 2825 finem
761 2761 881 2824 nullum
904 2760 1057 2844 videmus,
1081 2762 1137 2826 sed
1152 2763 1237 2827 vitae
1253 2763 1329 2828 Cae-

260 2864 383 2930 ssaris
429 2883 506 2945 quos
535 2864 656 2928 utinam
684 2863 737 2946 qui
763 2865 871 2948 legent
897 2865 977 2930 scire
1003 2865 1134 2951 possint,
1163 2886 1257 2948 quam
1283 2866 1328 2929 in·

294 2967 377 3032 vitus
400 2967 590 3050 susceperim
613 2962 804 3047 scribendos,
822 2987 883 3049 quo
898 2967 1021 3034 facilius
1037 2989 1162 3033 caream
1178 2969 1328 3034 stultitiae

293 3077 388 3152 atque
409 3069 608 3154 arrogantiae
631 3070 771 3152 crimine,
795 3071 848 3152 qui
870 3091 921 3135 me
950 3070 1062 3136 mediis
1089 3072 1328 3156 interposuerim

260 3173 439 3240 cCaesaris
462 3173 595 3256 scriptis.
641 3179 764 3238 constat
793 3173 877 3236 enim
906 3174 988 3237 inter
1010 3193 1129 3254 omnes,
1160 3173 1239 3238 nihil
1262 3180 1325 3238 tam

294 3295 423 3359 operose
438 3277 479 3341 ab
495 3276 565 3340 aliis
589 3296 658 3341 esse
679 3275 863 3361 perfectum,
884 3275 971 3359 'quod
993 3297 1056 3341 non
1078 3277 1188 3342 horum
1205 3278 1328 3360 elegan-

260 3400 275 3448 5
294 3379 339 3442 tia
361 3379 652 3444 commentariorum
675 3385 845 3463 superetur.
870 3379 1012 3460 quisunt
1031 3378 1116 3459 editi,
1140 3380 1328 3444 nescientia

294 3487 451 3546 tantarum
496 3501 600 3546 rerum
636 3481 838 3565 scriptoribus
876 3481 974 3563 desit,
1014 3480 1156 3564 adeoque
1196 3484 1327 3566 proban·

294 3591 344 3649 tur
373 3585 511 3649 omnium
544 3583 669 3665 iudicio,
699 3590 734 3648 ut
763 3590 938 3668 praerepta,
968 3605 1032 3649 non
1061 3585 1204 3668 praebita
1232 3584 1327 3649 facul·

261 3707 276 3754 o
295 3693 344 3751 tas
367 3687 569 3769 scriptoribus
591 3686 743 3751 videatur.
789 3686 877 3751 cuius
898 3693 1006 3751 tamen
1028 3687 1073 3750 rei
1100 3687 1199 3750 maior
1220 3694 1326 3752 nostra

296 3809 389 3870 quam
411 3789 600 3869 reliquorum
624 3795 671 3852 est
692 3785 871 3852 admiratio:
896 3790 991 3854 ceteri
1011 3789 1103 3870 enim,
1128 3809 1222 3870 quam
1245 3790 1325 3855 beno
