2936 4192
279 266 321 331 58
613 284 661 336 nn
679 283 794 338 annno
813 283 975 338 onunroo

245 475 261 524 5
279 456 409 539 gravius
431 455 621 520 acciderent.
653 476 717 520 una
733 463 799 520 erat
821 477 935 539 magno
958 457 1027 522 usui
1050 477 1100 522 res
1122 463 1310 541 praeparata

279 580 300 623 a
314 559 436 641 nostris,
461 559 559 624 falces
582 566 769 642 praeacutae
788 560 926 624 insertae
947 559 1127 642 affixaeque
1149 559 1309 642 longuriis

247 683 345 730 cnon
376 661 513 726 absimili
543 661 643 726 forma
672 663 836 726 muralium
863 661 999 727 falcium.
1043 661 1092 728 his
1115 683 1186 728 cum
1208 662 1310 744 funes,

281 765 334 846 qui
366 770 532 829 antemnas
565 763 608 827 ad
641 765 739 829 malos
773 763 983 844 destinabant,
1014 765 1228 849 comprehensi
1258 763 1309 828 ad·

281 866 428 948 ductique
452 873 550 947 erant,
574 867 702 949 navigio
724 867 818 932 remis
840 867 969 932 incitato
997 869 1306 952 praerumpebantur.

247 989 261 1036 ι
281 969 393 1052 quibus
408 969 540 1034 abscisis
559 975 727 1034 antemnae
743 970 918 1035 necessario
934 969 1151 1051 concidebant,
1172 976 1215 1053 ut,
1240 990 1310 1034 cum

280 1072 380 1136 omnis
404 1072 532 1136 Gallicis
556 1071 691 1136 navibus
713 1092 785 1156 spes
807 1072 840 1136 in
860 1073 939 1138 velis
961 1074 1225 1156 armamentisque
1241 1093 1310 1137 con-

280 1175 411 1256 sisteret,
446 1174 495 1239 his
530 1175 645 1258 ereptis
674 1175 775 1240 omnis
806 1195 881 1241 usus
910 1176 1040 1240 navium
1074 1197 1136 1241 uno
1169 1182 1310 1260 tempore

246 1277 458 1360 scriperetur.
504 1277 657 1358 reliquum
687 1283 754 1342 erat
783 1283 939 1345 certamen
969 1279 1105 1363 positum
1127 1279 1160 1342 in
1183 1279 1309 1356 virtute,

281 1399 343 1461 qua
374 1379 472 1443 nostri
501 1379 615 1443 milites
644 1378 738 1444 facile
768 1382 968 1463 superabant,
999 1387 1093 1465 atque
1128 1401 1164 1446 eo
1197 1381 1307 1464 magis,

281 1480 364 1562 quod
393 1481 426 1544 in
457 1487 624 1564 conspectu
655 1481 797 1547 Caesaris
829 1488 924 1565 atque
953 1484 1054 1550 omnis
1081 1484 1238 1549 exercitus
1259 1503 1311 1548 res

279 1585 457 1666 gerebatur,
481 1590 515 1648 ut
528 1583 656 1666 nullum
678 1584 771 1667 paulo
793 1584 904 1650 fortius
926 1585 1044 1651 factum
1066 1587 1164 1651 latere
1186 1592 1309 1670 posset;

246 1707 261 1754 o
280 1708 388 1752 omnes
412 1688 496 1752 enim
519 1689 613 1754 eolles
635 1708 673 1752 ac
695 1688 765 1752 loca
787 1688 955 1771 superiora,
969 1719 970 1722 ¹
983 1689 1067 1755 unde
1094 1695 1162 1755 erat
1187 1689 1308 1773 propin-

280 1811 359 1872 quus
382 1789 548 1874 despectus
570 1791 603 1855 in
626 1811 721 1872 mare,
744 1791 784 1856 ab
809 1793 950 1856 exercitu
972 1794 1168 1863 tenebantur.

247 1914 259 1960 1
382 1895 451 1959 XV.
485 1893 634 1975 Deiectis,
657 1900 692 1958 ut
714 1892 861 1974 diximus,
884 1894 1050 1976 antemnis,
1075 1915 1145 1960 cum
1168 1894 1309 1976 singulas

280 1996 374 2062 binae
396 2016 435 2061 ac
457 2004 565 2062 ternae
588 2018 686 2062 naves
702 1997 979 2078 circumsteterant,
1004 1998 1118 2062 milites
1133 2016 1255 2062 summa
1276 1995 1307 2059 vi

245 2099 503 2164 atranscendere
524 2099 557 2162 in
580 2098 716 2163 hostiurn
738 2119 837 2164 naves
860 2099 1100 2167 contendebant.
1126 2099 1209 2182 quod
1228 2105 1309 2182 post·

280 2220 374 2281 quam
397 2201 523 2265 barbari
544 2200 612 2264 fieri
634 2201 933 2284 animadverterunt,
958 2203 1148 2287 expugnatis
1175 2202 1309 2285 complu·

279 2303 365 2367 ribus
396 2303 540 2383 navibus,
572 2323 642 2367 cum
672 2303 701 2368 ei
728 2304 773 2368 rei
795 2305 914 2370 nullum
937 2305 1123 2390 reperiretur
1145 2304 1307 2384 auxilium,

245 2424 261 2472 3
279 2403 356 2488 fuga
378 2405 510 2470 salutem
532 2411 639 2490 petere
661 2406 896 2472 contenderunt.
942 2428 981 2472 ac
1007 2408 1071 2472 iam
1094 2406 1253 2472 conversis
1275 2406 1306 2469 in

280 2526 349 2572 earn
379 2513 500 2591 partem
529 2509 672 2589 navibus,
704 2529 764 2590 quo
795 2515 907 2574 ventus
937 2509 1067 2591 ferebat,
1096 2515 1184 2573 tanta
1206 2508 1308 2574 subito

279 2611 413 2688 malacia
438 2631 476 2676 ac
502 2611 711 2693 tranquillitas
740 2611 869 2693 exstitit,
897 2618 931 2676 ut
957 2631 991 2677 se
1017 2631 1057 2676 ex
1085 2613 1152 2676 loco
1183 2630 1308 2676 movere

244 2734 261 2780 4
278 2734 341 2779 non
363 2720 500 2798 possent.
532 2725 613 2796 quae
636 2713 762 2796 quidem
784 2735 834 2780 res
848 2714 891 2778 ad
905 2715 1065 2798 negotium
1081 2712 1306 2779 conficiendum

244 2817 417 2883 omaxime
444 2816 503 2881 fuit
530 2823 718 2902 opportuna,
747 2838 822 2882 nam
848 2817 989 2900 singulas
1016 2818 1113 2882 nostri
1137 2816 1306 2882 consectati

279 2925 550 3001 expugnaverunt,
585 2925 620 2982 ut
652 2939 830 3002 perpaucae
860 2939 901 2984 ex
931 2919 1016 2983 omni
1045 2939 1174 2984 numero
1208 2917 1308 2982 noetis

278 3020 457 3085 interventu
490 3019 532 3084 ad
565 3026 680 3084 terram
713 3021 923 3104 pervenerint,
958 3043 1028 3086 cum
1058 3023 1098 3088 ab
1132 3022 1209 3088 hora
1242 3021 1307 3086 fere

279 3129 390 3204 quarta
412 3143 511 3205 usque
533 3123 575 3187 ad
597 3123 670 3188 solis
693 3143 838 3188 occasum
860 3130 1062 3208 pugnaretur.
1095 3207 1099 3213 ι

246 3247 259 3293 1
380 3225 465 3291 XVI.
490 3224 558 3301 Quo
580 3224 698 3310 proelio
720 3225 838 3292 bellum
853 3226 1043 3292 Venetorum
1058 3227 1216 3309 totiusque
1235 3245 1308 3291 orae

244 3348 259 3394 a
278 3327 453 3392 maritimae
476 3327 653 3392 confectum
676 3333 732 3393 est.
763 3348 837 3391 nam
860 3348 928 3392 cum
946 3328 1046 3392 omnis
1068 3329 1223 3408 iuventus,
1247 3349 1307 3392 om·

277 3450 334 3495 nes
357 3431 451 3495 etiam
473 3431 625 3513 gravioris
647 3431 769 3512 aetatis,
792 3430 827 3494 in
843 3430 956 3512 quibus
977 3429 1097 3512 aliquid
1113 3429 1233 3495 consilii
1253 3435 1308 3495 aut

278 3532 441 3618 dignitatis
469 3533 537 3615 fuit,
566 3553 603 3598 eo
630 3539 851 3614 convenerant,
882 3539 958 3614 turn,
986 3533 1114 3598 navium
1138 3533 1221 3615 quod
1243 3533 1308 3599 ubi·

243 3656 339 3717 eque
368 3636 480 3718 fuerat,
511 3635 544 3700 in
574 3657 672 3700 unum
700 3635 803 3700 locum
832 3641 1013 3720 coegerant5
1044 3636 1157 3718 quibus
1183 3635 1307 3700 amissis

278 3739 388 3820 reliqui
418 3758 520 3820 neque
551 3759 611 3820 quo
641 3757 676 3802 se
705 3737 888 3820 reciperent,
916 3756 1019 3818 neque
1046 3737 1308 3820 quemadmodum

244 3860 260 3908 4
279 3837 396 3924 oppida
418 3839 633 3919 defenderent,
657 3838 826 3903 habebant.
872 3837 979 3920 itaque
1005 3858 1039 3903 se
1062 3859 1181 3921 suaque
1203 3840 1308 3904 omnia
