2960 4192
280 186 342 250 176
612 199 662 255 DE
679 199 795 254 BELIrO
813 199 976 255 GALLIOO

278 374 338 439 bus
359 393 398 438 ac
420 372 566 438 demissis
587 373 665 439 locis
686 392 770 455 aqua
792 393 834 438 ex
856 372 987 438 flumine
1009 373 1153 438 derivata
1182 375 1319 459 complc-
1361 451 1365 456 ,

245 477 334 546 avit.
376 484 448 561 post
470 496 525 542 eas
547 496 697 560 aggerem
719 496 758 541 ac
779 476 898 541 vallum
919 477 985 541 XII
1006 475 1124 560 pedum
1147 477 1317 542 exstruxit.

278 579 353 644 huic
374 580 503 644 loricam
524 579 702 664 pinnasque
724 577 841 644 adiecit
862 579 1036 663 grandibus
1059 580 1161 644 cervis
1176 579 1317 644 eminen-

278 682 363 748 tibus
384 681 427 747 ad
449 683 669 748 commissuras
687 683 863 767 pluteorum
878 687 974 764 atque
988 682 1124 766 aggeris,
1141 683 1195 768 qui
1209 701 1320 748 ascen·

279 806 348 851 sum
370 785 507 850 hostium
529 784 700 868 tardarent,
724 791 757 850 et
778 791 880 850 turres
901 791 967 850 toto
982 804 1077 868 opere
1100 784 1317 869 circumdedit,

279 908 361 972 quae
383 887 482 972 pedes
503 889 627 952 LXXX
649 887 733 952 inter
754 907 789 953 se
811 886 975 952 distarent.

246 1013 260 1060 1
382 992 531 1056 LXXIII.
562 991 639 1054 Erat
661 989 772 1054 eodem
793 995 935 1074 tempore
964 997 996 1055 et
1021 990 1181 1056 materiari
1203 997 1235 1056 ct
1256 990 1319 1056 fru-

279 1095 413 1162 mentari
436 1101 468 1158 et
489 1099 595 1158 tantas
616 1093 807 1158 munitiones
829 1093 898 1158 fieri
919 1113 1050 1158 necesse
1072 1093 1243 1159 deminutis
1264 1115 1320 1159 no-

280 1198 352 1262 stris
375 1197 483 1280 copiis,
508 1215 588 1278 quac
610 1195 736 1279 longius
757 1195 798 1260 ab
822 1195 933 1260 castris
954 1195 1251 1281 progrediebantur;
1279 1217 1320 1262 ac

279 1320 517 1380 nonnumquam
540 1319 636 1382 opera
657 1305 765 1364 nostra
788 1298 871 1364 Galli
893 1306 1048 1383 temptare
1067 1306 1162 1382 atque
1185 1302 1318 1385 eruptio
1436 1378 1438 1381 g

280 1423 354 1468 nem
376 1422 417 1468 ex
440 1401 557 1486 oppido
578 1402 721 1487 pluribus
751 1402 849 1486 portis
879 1423 1003 1468 summa
1032 1403 1065 1468 vi
1091 1403 1197 1468 facere
1227 1423 1319 1468 cona-

247 1527 262 1575 a
281 1507 404 1571 bantur.
451 1524 547 1588 quare
569 1504 713 1570 adhaec
741 1525 849 1571 rursus
870 1526 966 1590 opera
995 1505 1177 1571 addendum
1201 1507 1319 1572 Caesar

280 1610 413 1694 putavit,
436 1629 498 1692 quo
520 1608 641 1674 minore
662 1629 793 1674 numero
815 1609 947 1673 militurn
970 1610 1161 1674 munitiones
1188 1609 1318 1674 defendi

280 1720 417 1798 possent.
463 1712 570 1795 itaque
603 1713 722 1777 truncis
754 1712 901 1776 arborum
934 1719 989 1777 aut
1017 1712 1189 1778 admodum
1218 1712 1319 1778 firmis

280 1815 377 1882 ramis
398 1815 531 1881 abscisis
552 1821 647 1897 atque
676 1814 788 1880 horum
817 1813 980 1881 delibratis
1008 1836 1047 1880 ac
1069 1817 1247 1900 praeacutis
1269 1836 1318 1880 ca·

282 1919 459 1985 numinibus
480 1923 652 2002 perpetuae
674 1916 779 1983 fossae
800 1918 913 2000 quinos
934 1917 1033 2002 pedes
1055 1919 1139 1982 altae
1162 1918 1317 1984 duceban-

248 2031 340 2091 3tur.
386 2022 448 2087 huc
469 2022 514 2085 illi
537 2021 661 2105 stipites
683 2020 811 2085 demissi
842 2026 873 2085 et
902 2022 942 2086 ab
973 2020 1081 2086 infimo
1110 2022 1253 2103 revincti,
1276 2042 1318 2086 nc

248 2147 264 2194 4
281 2125 391 2190 revelli
412 2129 550 2208 possent,
573 2126 614 2188 ab
636 2124 733 2189 ramis
756 2123 946 2189 eminebant.
978 2124 1066 2207 quini
1081 2131 1172 2190 crant
1191 2124 1318 2190 ordines

282 2227 442 2293 coniuncti
463 2227 546 2290 inter
568 2246 603 2291 se
624 2232 720 2308 atque
741 2226 907 2312 implicati,
938 2247 998 2309 quo
1029 2227 1083 2310 qui
1111 2227 1316 2313 intraverant,

282 2351 317 2396 se
338 2330 400 2414 ipsi
421 2329 613 2396 acutissimis
634 2329 727 2394 vallis
748 2328 934 2394 induebant.
969 2329 1027 2395 hos
1049 2330 1158 2415 cippos
1180 2331 1333 2415 appella.

248 2435 369 2501 ebant.
414 2439 490 2498 ante
514 2452 592 2516 quos
614 2432 748 2514 obliquis
770 2431 933 2498 ordinibus
961 2433 995 2497 in
1018 2433 1227 2515 quincuncem
1257 2433 1317 2499 dis-

282 2536 392 2620 positis
426 2536 552 2600 scrobes
585 2542 649 2600 tres
681 2536 715 2599 in
748 2534 948 2600 altitudinem
981 2535 1080 2620 pedes
1116 2535 1318 2602 fodiebantur
1364 2535 1365 2538 ’

248 2641 434 2725 spaulatim
465 2641 647 2726 angustiore
679 2639 723 2704 ad
755 2639 899 2703 infimum
932 2639 1067 2722 fastigio.
1113 2639 1175 2705 huo
1201 2646 1317 2705 teretes

283 2744 405 2829 stipites
427 2743 555 2810 feminis
578 2741 784 2808 crassitudine
806 2744 847 2808 ab
870 2761 992 2807 summo
1007 2743 1169 2826 praeacuti
1184 2749 1216 2808 et
1230 2763 1317 2827 prae-

282 2847 345 2914 usti
367 2847 614 2914 demittebantur
635 2846 689 2929 ita,
712 2851 747 2909 ut
776 2865 840 2909 non
869 2845 1005 2928 amplius
1034 2844 1142 2928 digitis
1172 2851 1317 2928 quattuor

249 2971 325 3020 tex
357 2955 441 3015 terra
474 2951 662 3034 eminerent3
700 2948 794 3013 simul
827 2947 1034 3013 confirmandi
1068 2954 1100 3013 et
1136 2949 1317 3014 stabiliendi

283 3073 379 3119 causa
401 3053 517 3136 singuli
538 3053 580 3117 ab
610 3052 718 3117 infimo
741 3052 807 3117 solo
829 3051 928 3136 pedes
950 3057 1034 3117 terra
1056 3052 1316 3138 exsultabantur,

282 3157 404 3239 reliqua
425 3176 499 3240 pars
518 3156 637 3222 scrobis
658 3155 701 3220 ad
715 3154 918 3220 occultandas
940 3154 1072 3221 insidias
1086 3155 1258 3221 viminibus
1279 3175 1317 3220 ac

250 3259 428 3343 svirgultis
449 3259 657 3342 integebatur.
702 3257 795 3333 huius
817 3257 943 3342 generis
965 3258 1069 3323 octoni
1091 3257 1216 3324 ordines
1231 3257 1317 3322 ducti

283 3369 389 3427 ternos
411 3361 493 3424 inter
515 3380 549 3425 se
571 3359 670 3445 pedes
692 3360 862 3426 distabant.
893 3359 928 3424 id
950 3380 992 3425 ex
1014 3361 1217 3426 similitudine
1232 3359 1317 3425 floris

250 3487 265 3535 s
282 3466 382 3530 lilium
404 3463 616 3548 appellabant.
662 3469 737 3528 ante
758 3463 839 3530 haec
860 3464 964 3528 taleae
986 3463 1101 3548 pedem
1123 3465 1237 3547 longae
1258 3463 1316 3528 fer·

283 3570 346 3634 reis
374 3568 477 3633 hamis
506 3567 613 3631 infixis
636 3572 721 3631 totae
750 3568 784 3630 in
806 3574 922 3631 terram
944 3567 1180 3632 infodiebantur
1202 3566 1316 3631 medio-

284 3673 451 3754 cribusque
473 3669 659 3734 intermissis
682 3669 792 3752 spatiis
806 3668 951 3734 omnibus
973 3669 1050 3734 locis
1073 3669 1315 3754 disserebantur,

285 3795 363 3857 quos
386 3773 527 3839 stimulos
549 3771 765 3836 nominabant.
