2966 4196
279 239 341 302 116
611 252 660 306 DE
677 252 793 306 BELLO
812 251 974 307 GALLICO

277 426 447 509 municare,
470 445 491 488 a
512 425 659 490 Treveris
682 425 856 489 Germanos
879 424 996 488 crebris
1018 423 1229 507 legationibus
1252 423 1311 489 sol·

277 513 399 611 licitari,
422 527 574 593 maturius
596 527 658 592 sibi
680 526 720 591 de
742 526 825 591 bello
848 525 1049 610 cogitandum
1071 526 1204 610 putavit.

244 653 257 700 ι
379 633 429 696 ΠΙ
468 632 580 713 Itaque
602 631 743 696 nondum
764 630 868 696 hieme
891 629 1034 696 confecta
1055 630 1207 714 proximis
1223 636 1311 712 quat·

278 741 346 800 tuor
368 734 483 800 coactis
505 734 683 818 legionibus
704 733 745 798 de
766 733 937 818 improviso
963 734 997 798 in
1018 733 1098 799 fines
1120 733 1309 799 Nerviorum

277 836 439 904 contendit
461 843 502 921 et,
524 837 707 921 priusquam
729 837 774 900 illi
796 843 852 901 aut
874 837 1043 903 convenire
1065 844 1121 902 aut
1141 837 1310 922 profugere

242 947 414 1026 epossent,
444 961 560 1024 magno
590 941 710 1024 pecoris
739 947 835 1022 atque
864 939 1027 1005 hominum
1056 961 1186 1006 numero
1205 946 1311 1025 ,capto

276 1051 372 1126 atque
395 1064 434 1108 ea
454 1042 573 1128 praeda
594 1043 747 1108 militibus
769 1063 918 1109 concessa
940 1044 1136 1126 vastatisque
1162 1042 1248 1126 agris
1273 1043 1307 1108 in
1400 1087 1402 1090 -

242 1147 469 1218 obeditionem
499 1146 608 1210 venire
634 1152 730 1228 atque
760 1145 887 1211 obsides
916 1147 978 1212 sibi
1007 1145 1083 1212 dare
1113 1148 1225 1232 coegit.
1270 1165 1311 1211 eo

277 1251 419 1316 celeriter
442 1249 583 1313 conlecto
605 1248 732 1332 negotio
754 1268 860 1314 rursus
882 1249 914 1314 in
937 1249 1071 1314 hiberna
1096 1249 1237 1333 legiones
1262 1269 1310 1314 re

242 1376 259 1422 4
277 1353 377 1418 duxit.
409 1352 538 1417 concilio
555 1352 675 1416 Galliae
696 1351 797 1435 primo
812 1371 897 1434 vere,
920 1359 955 1416 ut
968 1353 1156 1437 instituerat,
1179 1351 1310 1436 indicto,

277 1477 348 1520 eum
370 1455 482 1536 reliqui
500 1460 625 1539 praeter
640 1455 790 1538 Senones,
808 1454 961 1520 Carnutes
975 1457 1192 1538 Treverosque
1206 1455 1308 1521 venie

277 1566 357 1640 sent,
379 1558 503 1623 initium
526 1557 602 1622 belli
623 1577 662 1622 ac
684 1556 871 1624 defectionis
892 1558 953 1624 hoo
976 1579 1045 1624 esse
1067 1559 1246 1640 arbitratus,
1273 1565 1312 1623 ut

277 1662 383 1728 omnia
403 1668 592 1746 postponere
614 1659 782 1744 videretur,
806 1660 971 1741 concilium
993 1662 1151 1727 Lutetiam
1178 1661 1308 1726 Parisio
1358 1683 1361 1688 ’

243 1787 346 1834 urum
368 1763 524 1829 transfert.
555 1762 694 1829 confines
717 1769 807 1827 erant
828 1763 862 1827 hi
884 1764 1061 1830 Senonibus
1084 1765 1310 1847 civitatemque

277 1875 401 1953 patrum
424 1866 575 1932 memoria
590 1866 827 1948 coniunxerant,
843 1865 900 1932 sed
914 1868 955 1932 ab
971 1867 1031 1932 hoc
1046 1867 1175 1932 consilio
1190 1867 1310 1933 adrine

242 1995 259 2040 o
277 1969 548 2037 existimabantur.
582 1969 642 2033 hac
663 1989 697 2032 re
720 1989 776 2052 pro
798 1975 950 2052 suggestu
972 1970 1175 2054 pronuntiata
1196 1971 1309 2036 eodem

277 2075 329 2140 die
358 2093 429 2138 cum
457 2071 635 2155 legionibus
660 2071 695 2135 in
721 2071 864 2137 Senones
889 2071 1095 2156 proficiscitur
1120 2075 1310 2157 magnisque

276 2176 441 2242 itineribus
463 2194 500 2239 eo
522 2173 675 2258 pervenit.

244 2303 257 2348 1
379 2279 433 2342 IV.
473 2277 605 2359 Cognito
628 2277 695 2341 eius
717 2276 856 2342 adventu
877 2279 971 2361 Aooe,
995 2279 1049 2362 qui
1070 2279 1218 2365 princeps
1234 2267 1311 2346 veius

278 2381 398 2450 consilii
423 2379 536 2464 fuerat,
562 2379 649 2443 iubet
675 2379 708 2443 in
731 2380 848 2464 oppida
873 2381 1106 2446 multitudinem
1129 2384 1305 2449 convenire.

278 2484 473 2567 conantibus,
496 2483 677 2566 priusquam
700 2482 734 2546 id
756 2483 839 2548 effici
868 2491 983 2567 posset,
1010 2484 1123 2550 adesse
1149 2487 1311 2552 Romanos

244 2588 446 2659 enuntiatur.
491 2585 667 2650 necessario
690 2585 848 2650 sententia
870 2585 1025 2652 desistunt
1050 2587 1235 2670 legatosque
1257 2589 1309 2654 de·

276 2689 427 2778 precandi
442 2709 538 2754 causa
552 2688 593 2752 ad
610 2689 777 2754 Caesarem
793 2689 935 2774 mittunt;
958 2689 1077 2754 adeunt
1099 2711 1155 2774 per
1170 2691 1310 2777 Aeduos,

242 2817 408 2881 equorum
430 2793 602 2875 antiquitus
625 2799 692 2857 erat
713 2793 746 2857 in
773 2792 837 2858 fide
864 2793 984 2859 civitas.
1029 2793 1164 2860 libenter
1192 2797 1310 2862 Caesar

254 2935 255 2938 ι
277 2898 457 2986 petentibus
478 2895 598 2961 Aeduis
625 2893 680 2960 dat
701 2895 829 2960 veniam
857 2897 1156 2980 excusationemque
1182 2898 1310 2983 accipit,

278 3003 361 3087 quod
389 3001 545 3066 aestivum
574 3006 698 3083 tempus
726 2999 874 3065 instantis
903 3001 988 3085 belli,
1021 3021 1084 3066 non
1116 3002 1311 3083 quaestionis

242 3130 260 3176 ι
278 3126 347 3171 esse
362 3103 580 3168 arbitrabatur.
612 3101 774 3168 obsidibus
788 3102 950 3186 imperatis
965 3110 1101 3188 centum,
1116 3104 1174 3170 hos
1188 3105 1311 3172 Aeduis

243 3232 258 3278 o
277 3205 498 3274 custodiendos
520 3203 624 3269 tradit.
664 3204 775 3270 eodem
799 3207 952 3272 Carnutes
974 3208 1096 3290 legatos
1118 3207 1311 3291 obsidesque·

278 3311 414 3391 mittunt,
437 3308 485 3372 usi
502 3307 756 3390 deprecatoribus
771 3309 887 3392 Remis,
911 3328 1042 3390 quorum
1061 3317 1152 3376 erant
1166 3311 1199 3376 in
1216 3313 1311 3378 elien·-

243 3415 355 3494 otela3
379 3410 489 3476 eadem
512 3409 617 3474 ferunt
646 3430 806 3493 responsa.
848 3411 972 3494 peragit
998 3413 1163 3479 concilium
1191 3416 1312 3480 Caesar
1360 3395 1362 3404 ¹

279 3515 462 3599 equitesque
484 3513 618 3595 imperat
641 3513 830 3578 civitatibus.

128 3626 130 3630 ’
246 3643 258 3688 1
382 3619 420 3683 V.
464 3618 534 3682 Hac
563 3622 653 3698 parte
676 3616 797 3681 Galliae
827 3621 941 3700 pacata
971 3623 1054 3684 totus
1084 3625 1116 3683 et
1142 3627 1248 3684 mente
1276 3628 1313 3686 et

278 3723 383 3788 animo
404 3721 449 3784 in
487 3719 604 3784 bellum
638 3720 845 3782 Treverorum
887 3726 919 3782 et
951 3720 1143 3804 Ambiorigis
1180 3721 1304 3787 insistit.

207 3885 209 3889 .
245 3847 260 3893 a
281 3824 470 3891 Cavarinum
487 3841 556 3886 cum
573 3821 712 3901 equitatu
728 3821 888 3885 Senonum
904 3841 1010 3886 secum
1033 3823 1188 3906 proficisci
1210 3824 1310 3906 iubet,
