<?xml version="1.0" encoding="UTF-8"?>
<!DOCTYPE html PUBLIC "-//W3C//DTD XHTML 1.0 Transitional//EN"
    "http://www.w3.org/TR/xhtml1/DTD/xhtml1-transitional.dtd">
<html xmlns="http://www.w3.org/1999/xhtml" xml:lang="en" lang="en">
 <head>
  <title>
</title>
<meta http-equiv="Content-Type" content="text/html;charset=utf-8" />
  <meta name='ocr-system' content='tesseract 3.04.00' />
  <meta name='ocr-capabilities' content='ocr_page ocr_carea ocr_par ocr_line ocrx_word'/>
</head>
<body>
  <div class='ocr_page' id='page_1' title='image "./commentariidebe00pramgoog_0021.png"; bbox 0 0 2936 4192; ppageno 0'>
   <div class='ocr_carea' id='block_1_1' title="bbox 245 175 941 241">
    <p class='ocr_par' dir='ltr' id='par_1_1' title="bbox 245 175 941 241">
     <span class='ocr_line' id='line_1_1' title="bbox 245 175 941 241; baseline 0.009 -6"><span class='ocrx_word' id='word_1_1' title='bbox 245 175 265 235; x_wconf 85' lang='grc'><strong>6</strong></span> <span class='ocrx_word' id='word_1_2' title='bbox 578 187 627 238; x_wconf 82' lang='lat' dir='ltr'>DE</span> <span class='ocrx_word' id='word_1_3' title='bbox 645 187 760 240; x_wconf 84' lang='lat' dir='ltr'>BELLO</span> <span class='ocrx_word' id='word_1_4' title='bbox 780 187 941 241; x_wconf 82' lang='lat' dir='ltr'>GALL100</span> 
     </span>
    </p>
   </div>
   <div class='ocr_carea' id='block_1_2' title="bbox 211 358 1277 3108">
    <p class='ocr_par' dir='ltr' id='par_1_2' title="bbox 211 358 1277 3108">
     <span class='ocr_line' id='line_1_2' title="bbox 244 358 1277 444; baseline 0.004 -22"><span class='ocrx_word' id='word_1_5' title='bbox 244 359 358 443; x_wconf 82' lang='lat' dir='ltr'>facere,</span> <span class='ocrx_word' id='word_1_6' title='bbox 382 359 435 440; x_wconf 91' lang='lat' dir='ltr'>qui</span> <span class='ocrx_word' id='word_1_7' title='bbox 457 379 521 422; x_wconf 93' lang='lat' dir='ltr'>non</span> <span class='ocrx_word' id='word_1_8' title='bbox 543 358 637 440; x_wconf 86' lang='lat' dir='ltr'>longe</span> <span class='ocrx_word' id='word_1_9' title='bbox 658 377 678 420; x_wconf 92' lang='lat' dir='ltr'>a</span> <span class='ocrx_word' id='word_1_10' title='bbox 697 358 889 422; x_wconf 81' lang='lat' dir='ltr'>Tolosatium</span> <span class='ocrx_word' id='word_1_11' title='bbox 911 359 1026 423; x_wconf 88' lang='lat' dir='ltr'>finibus</span> <span class='ocrx_word' id='word_1_12' title='bbox 1048 362 1172 444; x_wconf 89' lang='lat' dir='ltr'>absunt,</span> <span class='ocrx_word' id='word_1_13' title='bbox 1196 382 1277 443; x_wconf 89' lang='lat' dir='ltr'>quae</span> 
     </span>
     <span class='ocr_line' id='line_1_3' title="bbox 211 459 1277 546; baseline 0 -18"><span class='ocrx_word' id='word_1_14' title='bbox 211 483 226 529; x_wconf 78' lang='lat' dir='ltr'>a</span> <span class='ocrx_word' id='word_1_15' title='bbox 246 463 355 525; x_wconf 88' lang='lat' dir='ltr'>civitas</span> <span class='ocrx_word' id='word_1_16' title='bbox 379 467 427 525; x_wconf 88' lang='lat' dir='ltr'>est</span> <span class='ocrx_word' id='word_1_17' title='bbox 448 460 481 523; x_wconf 94' lang='lat' dir='ltr'>in</span> <span class='ocrx_word' id='word_1_18' title='bbox 504 460 675 542; x_wconf 86' lang='lat' dir='ltr'>provincia.</span> <span class='ocrx_word' id='word_1_19' title='bbox 713 459 747 523; x_wconf 92' lang='lat' dir='ltr'>id</span> <span class='ocrx_word' id='word_1_20' title='bbox 766 460 793 524; x_wconf 88' lang='lat' dir='ltr'>si</span> <span class='ocrx_word' id='word_1_21' title='bbox 814 460 912 543; x_wconf 85' lang='lat' dir='ltr'>lieret,</span> <span class='ocrx_word' id='word_1_22' title='bbox 935 463 1141 544; x_wconf 82' lang='lat' dir='ltr'>intellegebat</span> <span class='ocrx_word' id='word_1_23' title='bbox 1161 485 1277 546; x_wconf 87' lang='lat' dir='ltr'>magno</span> 
     </span>
     <span class='ocr_line' id='line_1_4' title="bbox 246 562 1276 647; baseline 0.002 -19"><span class='ocrx_word' id='word_1_24' title='bbox 246 584 316 628; x_wconf 90' lang='lat' dir='ltr'>cum</span> <span class='ocrx_word' id='word_1_25' title='bbox 338 563 476 646; x_wconf 89' lang='lat' dir='ltr'>periculo</span> <span class='ocrx_word' id='word_1_26' title='bbox 498 562 679 646; x_wconf 88' lang='lat' dir='ltr'>provinciae</span> <span class='ocrx_word' id='word_1_27' title='bbox 705 563 853 646; x_wconf 88' lang='lat' dir='ltr'>futurum,</span> <span class='ocrx_word' id='word_1_28' title='bbox 880 572 915 628; x_wconf 92' lang='lat' dir='ltr'>ut</span> <span class='ocrx_word' id='word_1_29' title='bbox 937 565 1080 630; x_wconf 92' lang='lat' dir='ltr'>homines</span> <span class='ocrx_word' id='word_1_30' title='bbox 1102 567 1276 647; x_wconf 88' lang='lat' dir='ltr'>bellicosos,</span> 
     </span>
     <span class='ocr_line' id='line_1_5' title="bbox 245 665 1276 750; baseline 0.003 -20"><span class='ocrx_word' id='word_1_31' title='bbox 245 667 353 750; x_wconf 91' lang='lat' dir='ltr'>populi</span> <span class='ocrx_word' id='word_1_32' title='bbox 366 665 499 730; x_wconf 86' lang='lat' dir='ltr'>Romani</span> <span class='ocrx_word' id='word_1_33' title='bbox 518 665 670 745; x_wconf 89' lang='lat' dir='ltr'>inimicos,</span> <span class='ocrx_word' id='word_1_34' title='bbox 693 666 769 730; x_wconf 91' lang='lat' dir='ltr'>locis</span> <span class='ocrx_word' id='word_1_35' title='bbox 791 667 972 750; x_wconf 87' lang='lat' dir='ltr'>patentibus</span> <span class='ocrx_word' id='word_1_36' title='bbox 994 669 1195 750; x_wconf 84' lang='lat' dir='ltr'><strong>maximeque</strong></span> <span class='ocrx_word' id='word_1_37' title='bbox 1216 669 1276 733; x_wconf 87' lang='lat' dir='ltr'>fru-</span> 
     </span>
     <span class='ocr_line' id='line_1_6' title="bbox 212 767 1275 853; baseline -0.003 -16"><span class='ocrx_word' id='word_1_38' title='bbox 212 768 407 837; x_wconf 82' lang='lat' dir='ltr'>smentariis</span> <span class='ocrx_word' id='word_1_39' title='bbox 428 767 577 832; x_wconf 91' lang='lat' dir='ltr'>finitimos</span> <span class='ocrx_word' id='word_1_40' title='bbox 599 769 739 833; x_wconf 89' lang='lat' dir='ltr'>haberet.</span> <span class='ocrx_word' id='word_1_41' title='bbox 777 769 817 832; x_wconf 92' lang='lat' dir='ltr'>ob</span> <span class='ocrx_word' id='word_1_42' title='bbox 838 789 892 834; x_wconf 87' lang='lat' dir='ltr'>eas</span> <span class='ocrx_word' id='word_1_43' title='bbox 916 789 1026 834; x_wconf 78' lang='lat' dir='ltr'><strong>causas</strong></span> <span class='ocrx_word' id='word_1_44' title='bbox 1050 771 1079 834; x_wconf 94' lang='lat' dir='ltr'>ei</span> <span class='ocrx_word' id='word_1_45' title='bbox 1101 772 1275 853; x_wconf 93' lang='lat' dir='ltr'>munitioni,</span> 
     </span>
     <span class='ocr_line' id='line_1_7' title="bbox 245 871 1277 956; baseline 0.002 -20"><span class='ocrx_word' id='word_1_46' title='bbox 245 893 339 954; x_wconf 88' lang='lat' dir='ltr'>quam</span> <span class='ocrx_word' id='word_1_47' title='bbox 354 871 481 954; x_wconf 89' lang='lat' dir='ltr'>fecerat,</span> <span class='ocrx_word' id='word_1_48' title='bbox 504 872 540 934; x_wconf 84' lang='grc' dir='ltr'>Τ.</span> <span class='ocrx_word' id='word_1_49' title='bbox 554 871 729 935; x_wconf 87' lang='lat' dir='ltr'>Labienum</span> <span class='ocrx_word' id='word_1_50' title='bbox 743 871 883 953; x_wconf 87' lang='lat' dir='ltr'>legatum</span> <span class='ocrx_word' id='word_1_51' title='bbox 898 872 1063 955; x_wconf 87' lang='lat' dir='ltr'>praefecit;</span> <span class='ocrx_word' id='word_1_52' title='bbox 1085 873 1154 956; x_wconf 90' lang='lat' dir='ltr'>ipse</span> <span class='ocrx_word' id='word_1_53' title='bbox 1169 875 1202 938; x_wconf 95' lang='lat' dir='ltr'>in</span> <span class='ocrx_word' id='word_1_54' title='bbox 1217 876 1277 938; x_wconf 84' lang='lat' dir='ltr'>Ita-</span> 
     </span>
     <span class='ocr_line' id='line_1_8' title="bbox 245 974 1276 1059; baseline 0.003 -21"><span class='ocrx_word' id='word_1_55' title='bbox 245 976 319 1038; x_wconf 89' lang='lat' dir='ltr'>liam</span> <span class='ocrx_word' id='word_1_56' title='bbox 340 975 464 1056; x_wconf 88' lang='lat' dir='ltr'>magnis</span> <span class='ocrx_word' id='word_1_57' title='bbox 482 974 646 1038; x_wconf 83' lang='lat' dir='ltr'>itineribus</span> <span class='ocrx_word' id='word_1_58' title='bbox 661 974 822 1037; x_wconf 81' lang='lat' dir='ltr'>contendit</span> <span class='ocrx_word' id='word_1_59' title='bbox 837 974 977 1056; x_wconf 89' lang='lat' dir='ltr'>duasque</span> <span class='ocrx_word' id='word_1_60' title='bbox 991 975 1036 1038; x_wconf 91' lang='lat' dir='ltr'>ibi</span> <span class='ocrx_word' id='word_1_61' title='bbox 1051 977 1192 1059; x_wconf 84' lang='lat' dir='ltr'>legiones</span> <span class='ocrx_word' id='word_1_62' title='bbox 1208 997 1276 1041; x_wconf 92' lang='lat' dir='ltr'>eon-</span> 
     </span>
     <span class='ocr_line' id='line_1_9' title="bbox 246 1077 1276 1162; baseline 0.002 -20"><span class='ocrx_word' id='word_1_63' title='bbox 246 1078 352 1142; x_wconf 90' lang='lat' dir='ltr'>scribit</span> <span class='ocrx_word' id='word_1_64' title='bbox 383 1083 414 1140; x_wconf 92' lang='lat' dir='ltr'>et</span> <span class='ocrx_word' id='word_1_65' title='bbox 443 1083 520 1158; x_wconf 87' lang='lat' dir='ltr'>tres,</span> <span class='ocrx_word' id='word_1_66' title='bbox 551 1094 632 1158; x_wconf 86' lang='lat' dir='ltr'>quae</span> <span class='ocrx_word' id='word_1_67' title='bbox 663 1077 778 1141; x_wconf 89' lang='lat' dir='ltr'>circum</span> <span class='ocrx_word' id='word_1_68' title='bbox 800 1078 978 1159; x_wconf 84' lang='lat' dir='ltr'>Aquileiam</span> <span class='ocrx_word' id='word_1_69' title='bbox 1007 1078 1203 1162; x_wconf 86' lang='lat' dir='ltr'>hiemabant,</span> <span class='ocrx_word' id='word_1_70' title='bbox 1236 1101 1276 1144; x_wconf 83' lang='lat' dir='ltr'>ex</span> 
     </span>
     <span class='ocr_line' id='line_1_10' title="bbox 245 1179 1276 1262; baseline 0.002 -18"><span class='ocrx_word' id='word_1_71' title='bbox 245 1179 384 1244; x_wconf 91' lang='lat' dir='ltr'>hibernis</span> <span class='ocrx_word' id='word_1_72' title='bbox 407 1179 512 1244; x_wconf 80' lang='lat' dir='ltr'>educit</span> <span class='ocrx_word' id='word_1_73' title='bbox 534 1185 574 1260; x_wconf 90' lang='lat' dir='ltr'>et,</span> <span class='ocrx_word' id='word_1_74' title='bbox 598 1199 660 1260; x_wconf 91' lang='lat' dir='ltr'>qua</span> <span class='ocrx_word' id='word_1_75' title='bbox 681 1181 858 1262; x_wconf 84' lang='lat' dir='ltr'>proximum</span> <span class='ocrx_word' id='word_1_76' title='bbox 881 1181 940 1244; x_wconf 88' lang='lat' dir='ltr'>iter</span> <span class='ocrx_word' id='word_1_77' title='bbox 961 1181 995 1245; x_wconf 92' lang='lat' dir='ltr'>in</span> <span class='ocrx_word' id='word_1_78' title='bbox 1014 1181 1191 1246; x_wconf 82' lang='lat' dir='ltr'>ulteriorem</span> <span class='ocrx_word' id='word_1_79' title='bbox 1207 1183 1276 1248; x_wconf 80' lang='lat' dir='ltr'>Gal·</span> 
     </span>
     <span class='ocr_line' id='line_1_11' title="bbox 245 1281 1276 1366; baseline 0.003 -19"><span class='ocrx_word' id='word_1_80' title='bbox 245 1285 319 1348; x_wconf 90' lang='lat' dir='ltr'>liam</span> <span class='ocrx_word' id='word_1_81' title='bbox 334 1303 391 1366; x_wconf 90' lang='lat' dir='ltr'>per</span> <span class='ocrx_word' id='word_1_82' title='bbox 404 1282 503 1364; x_wconf 86' lang='lat' dir='ltr'>Alpes</span> <span class='ocrx_word' id='word_1_83' title='bbox 519 1288 594 1363; x_wconf 90' lang='lat' dir='ltr'>erat,</span> <span class='ocrx_word' id='word_1_84' title='bbox 619 1281 757 1346; x_wconf 89' lang='lat' dir='ltr'>cumbis</span> <span class='ocrx_word' id='word_1_85' title='bbox 780 1283 917 1364; x_wconf 89' lang='lat' dir='ltr'>quinque</span> <span class='ocrx_word' id='word_1_86' title='bbox 939 1284 1116 1366; x_wconf 86' lang='lat' dir='ltr'>legionibus</span> <span class='ocrx_word' id='word_1_87' title='bbox 1139 1287 1184 1350; x_wconf 91' lang='lat' dir='ltr'>ire</span> <span class='ocrx_word' id='word_1_88' title='bbox 1208 1305 1276 1350; x_wconf 88' lang='lat' dir='ltr'>eon·</span> 
     </span>
     <span class='ocr_line' id='line_1_12' title="bbox 212 1385 1277 1470; baseline 0 -17"><span class='ocrx_word' id='word_1_89' title='bbox 212 1385 355 1454; x_wconf 70' lang='lat' dir='ltr'>stendit.</span> <span class='ocrx_word' id='word_1_90' title='bbox 408 1385 452 1448; x_wconf 92' lang='lat' dir='ltr'>ibi</span> <span class='ocrx_word' id='word_1_91' title='bbox 482 1385 653 1450; x_wconf 81' lang='lat' dir='ltr'>Ceutrones</span> <span class='ocrx_word' id='word_1_92' title='bbox 687 1391 718 1448; x_wconf 92' lang='lat' dir='ltr'>et</span> <span class='ocrx_word' id='word_1_93' title='bbox 752 1385 906 1450; x_wconf 81' lang='lat' dir='ltr'>Graioceli</span> <span class='ocrx_word' id='word_1_94' title='bbox 939 1394 971 1450; x_wconf 89' lang='lat' dir='ltr'>et</span> <span class='ocrx_word' id='word_1_95' title='bbox 1004 1387 1168 1470; x_wconf 77' lang='lat' dir='ltr'>Caturiges</span> <span class='ocrx_word' id='word_1_96' title='bbox 1201 1391 1277 1453; x_wconf 87' lang='lat' dir='ltr'>loeis</span> 
     </span>
     <span class='ocr_line' id='line_1_13' title="bbox 245 1487 1276 1573; baseline 0.003 -19"><span class='ocrx_word' id='word_1_97' title='bbox 245 1487 457 1573; x_wconf 89' lang='lat' dir='ltr'>superioribus</span> <span class='ocrx_word' id='word_1_98' title='bbox 476 1489 635 1570; x_wconf 87' lang='lat' dir='ltr'>occupatis</span> <span class='ocrx_word' id='word_1_99' title='bbox 654 1487 766 1552; x_wconf 91' lang='lat' dir='ltr'>itinere</span> <span class='ocrx_word' id='word_1_100' title='bbox 786 1489 959 1552; x_wconf 83' lang='lat' dir='ltr'>exercitum</span> <span class='ocrx_word' id='word_1_101' title='bbox 978 1491 1145 1572; x_wconf 88' lang='lat' dir='ltr'>prohibere</span> <span class='ocrx_word' id='word_1_102' title='bbox 1166 1511 1276 1556; x_wconf 88' lang='lat' dir='ltr'>conan-</span> 
     </span>
     <span class='ocr_line' id='line_1_14' title="bbox 213 1589 1277 1676; baseline 0.002 -21"><span class='ocrx_word' id='word_1_103' title='bbox 213 1598 304 1661; x_wconf 80' lang='lat' dir='ltr'>stur.</span> <span class='ocrx_word' id='word_1_104' title='bbox 348 1591 557 1673; x_wconf 88' lang='lat' dir='ltr'>compluribus</span> <span class='ocrx_word' id='word_1_105' title='bbox 579 1589 629 1654; x_wconf 91' lang='lat' dir='ltr'>his</span> <span class='ocrx_word' id='word_1_106' title='bbox 650 1591 777 1674; x_wconf 90' lang='lat' dir='ltr'>proeliis</span> <span class='ocrx_word' id='word_1_107' title='bbox 798 1592 906 1674; x_wconf 87' lang='lat' dir='ltr'>pulsis,</span> <span class='ocrx_word' id='word_1_108' title='bbox 929 1592 971 1655; x_wconf 90' lang='lat' dir='ltr'>ab</span> <span class='ocrx_word' id='word_1_109' title='bbox 995 1592 1099 1675; x_wconf 89' lang='lat' dir='ltr'>Ocelo,</span> <span class='ocrx_word' id='word_1_110' title='bbox 1124 1595 1207 1676; x_wconf 91' lang='lat' dir='ltr'>quod</span> <span class='ocrx_word' id='word_1_111' title='bbox 1230 1601 1277 1658; x_wconf 88' lang='lat' dir='ltr'>est</span> 
     </span>
     <span class='ocr_line' id='line_1_15' title="bbox 247 1693 1276 1777; baseline 0.002 -19"><span class='ocrx_word' id='word_1_112' title='bbox 247 1694 396 1759; x_wconf 87' lang='lat' dir='ltr'>citerioris</span> <span class='ocrx_word' id='word_1_113' title='bbox 411 1693 592 1776; x_wconf 89' lang='lat' dir='ltr'>provinciae</span> <span class='ocrx_word' id='word_1_114' title='bbox 608 1701 793 1777; x_wconf 89' lang='lat' dir='ltr'>extremum,</span> <span class='ocrx_word' id='word_1_115' title='bbox 813 1696 846 1758; x_wconf 90' lang='lat' dir='ltr'>in</span> <span class='ocrx_word' id='word_1_116' title='bbox 865 1695 944 1759; x_wconf 86' lang='lat' dir='ltr'>fines</span> <span class='ocrx_word' id='word_1_117' title='bbox 960 1695 1182 1760; x_wconf 88' lang='lat' dir='ltr'>Vocontiorum</span> <span class='ocrx_word' id='word_1_118' title='bbox 1202 1699 1276 1760; x_wconf 91' lang='lat' dir='ltr'>ulte-</span> 
     </span>
     <span class='ocr_line' id='line_1_16' title="bbox 245 1787 1276 1882; baseline 0 -20"><span class='ocrx_word' id='word_1_119' title='bbox 245 1799 335 1862; x_wconf 88' lang='lat' dir='ltr'>rioris</span> <span class='ocrx_word' id='word_1_120' title='bbox 349 1797 530 1880; x_wconf 87' lang='lat' dir='ltr'>provinciae</span> <span class='ocrx_word' id='word_1_121' title='bbox 546 1797 597 1860; x_wconf 90' lang='lat' dir='ltr'>die</span> <span class='ocrx_word' id='word_1_122' title='bbox 613 1787 746 1880; x_wconf 82' lang='lat' dir='ltr'>septimo</span> <span class='ocrx_word' id='word_1_123' title='bbox 760 1800 919 1882; x_wconf 80' lang='lat' dir='ltr'>pervenit3</span> <span class='ocrx_word' id='word_1_124' title='bbox 939 1798 1014 1863; x_wconf 89' lang='lat' dir='ltr'>inde</span> <span class='ocrx_word' id='word_1_125' title='bbox 1028 1799 1062 1862; x_wconf 92' lang='lat' dir='ltr'>in</span> <span class='ocrx_word' id='word_1_126' title='bbox 1073 1800 1276 1880; x_wconf 89' lang='lat' dir='ltr'>Allobrogum</span> 
     </span>
     <span class='ocr_line' id='line_1_17' title="bbox 245 1900 1276 1983; baseline -0.005 -17"><span class='ocrx_word' id='word_1_127' title='bbox 245 1903 335 1983; x_wconf 85' lang='lat' dir='ltr'>fines,</span> <span class='ocrx_word' id='word_1_128' title='bbox 358 1901 398 1964; x_wconf 88' lang='lat' dir='ltr'>ab</span> <span class='ocrx_word' id='word_1_129' title='bbox 414 1900 635 1982; x_wconf 87' lang='lat' dir='ltr'>Allobrogibus</span> <span class='ocrx_word' id='word_1_130' title='bbox 655 1901 687 1963; x_wconf 91' lang='lat' dir='ltr'>in</span> <span class='ocrx_word' id='word_1_131' title='bbox 708 1901 897 1982; x_wconf 86' lang='lat' dir='ltr'>Segusiavos</span> <span class='ocrx_word' id='word_1_132' title='bbox 920 1901 1093 1964; x_wconf 85' lang='lat' dir='ltr'>exercitum</span> <span class='ocrx_word' id='word_1_133' title='bbox 1116 1900 1208 1961; x_wconf 88' lang='lat' dir='ltr'>ducit.</span> <span class='ocrx_word' id='word_1_134' title='bbox 1244 1900 1276 1962; x_wconf 91' lang='lat' dir='ltr'>hi</span> 
     </span>
     <span class='ocr_line' id='line_1_18' title="bbox 246 2002 1091 2084; baseline -0.006 -15"><span class='ocrx_word' id='word_1_135' title='bbox 246 2011 320 2069; x_wconf 88' lang='lat' dir='ltr'>sunt</span> <span class='ocrx_word' id='word_1_136' title='bbox 343 2008 433 2066; x_wconf 85' lang='lat' dir='ltr'>extra</span> <span class='ocrx_word' id='word_1_137' title='bbox 454 2003 648 2084; x_wconf 81' lang='lat' dir='ltr'>provinciam</span> <span class='ocrx_word' id='word_1_138' title='bbox 671 2008 757 2066; x_wconf 89' lang='lat' dir='ltr'>trans</span> <span class='ocrx_word' id='word_1_139' title='bbox 779 2002 967 2066; x_wconf 88' lang='lat' dir='ltr'>Rhodanum</span> <span class='ocrx_word' id='word_1_140' title='bbox 989 2003 1091 2084; x_wconf 92' lang='lat' dir='ltr'>primi.</span> 
     </span>
     <span class='ocr_line' id='line_1_19' title="bbox 214 2103 1274 2186; baseline 0.002 -18"><span class='ocrx_word' id='word_1_141' title='bbox 214 2129 226 2175; x_wconf 93' lang='lat'><em>1</em></span> <span class='ocrx_word' id='word_1_142' title='bbox 348 2107 405 2168; x_wconf 87' lang='lat' dir='ltr'>XI.</span> <span class='ocrx_word' id='word_1_143' title='bbox 430 2104 568 2167; x_wconf 89' lang='lat' dir='ltr'>Helvetii</span> <span class='ocrx_word' id='word_1_144' title='bbox 582 2105 645 2166; x_wconf 89' lang='lat' dir='ltr'>iam</span> <span class='ocrx_word' id='word_1_145' title='bbox 661 2124 719 2186; x_wconf 91' lang='lat' dir='ltr'>per</span> <span class='ocrx_word' id='word_1_146' title='bbox 737 2104 900 2185; x_wconf 88' lang='lat' dir='ltr'>angustias</span> <span class='ocrx_word' id='word_1_147' title='bbox 921 2110 952 2166; x_wconf 91' lang='lat' dir='ltr'>et</span> <span class='ocrx_word' id='word_1_148' title='bbox 966 2103 1046 2168; x_wconf 87' lang='lat' dir='ltr'>lines</span> <span class='ocrx_word' id='word_1_149' title='bbox 1062 2105 1274 2186; x_wconf 85' lang='lat' dir='ltr'>Sequanorum</span> 
     </span>
     <span class='ocr_line' id='line_1_20' title="bbox 246 2204 1275 2290; baseline -0.002 -17"><span class='ocrx_word' id='word_1_150' title='bbox 246 2229 319 2273; x_wconf 91' lang='lat' dir='ltr'>suas</span> <span class='ocrx_word' id='word_1_151' title='bbox 335 2207 441 2290; x_wconf 86' lang='lat' dir='ltr'>copias</span> <span class='ocrx_word' id='word_1_152' title='bbox 455 2204 661 2269; x_wconf 83' lang='lat' dir='ltr'>traduxerant</span> <span class='ocrx_word' id='word_1_153' title='bbox 681 2212 712 2269; x_wconf 95' lang='lat' dir='ltr'>et</span> <span class='ocrx_word' id='word_1_154' title='bbox 730 2207 763 2270; x_wconf 94' lang='lat' dir='ltr'>in</span> <span class='ocrx_word' id='word_1_155' title='bbox 778 2205 958 2270; x_wconf 93' lang='lat' dir='ltr'>Aeduorum</span> <span class='ocrx_word' id='word_1_156' title='bbox 972 2206 1052 2270; x_wconf 89' lang='lat' dir='ltr'>fines</span> <span class='ocrx_word' id='word_1_157' title='bbox 1067 2217 1275 2290; x_wconf 88' lang='lat' dir='ltr'>pervenerant</span> 
     </span>
     <span class='ocr_line' id='line_1_21' title="bbox 213 2309 1276 2392; baseline -0.007 -13"><span class='ocrx_word' id='word_1_158' title='bbox 213 2329 415 2392; x_wconf 81' lang='lat' dir='ltr'>neommque</span> <span class='ocrx_word' id='word_1_159' title='bbox 437 2329 529 2392; x_wconf 87' lang='lat' dir='ltr'>agros</span> <span class='ocrx_word' id='word_1_160' title='bbox 551 2309 790 2392; x_wconf 89' lang='lat' dir='ltr'>populabantur.</span> <span class='ocrx_word' id='word_1_161' title='bbox 828 2309 940 2391; x_wconf 90' lang='lat' dir='ltr'>Aedui,</span> <span class='ocrx_word' id='word_1_162' title='bbox 957 2329 1028 2372; x_wconf 90' lang='lat' dir='ltr'>cum</span> <span class='ocrx_word' id='word_1_163' title='bbox 1048 2329 1081 2374; x_wconf 92' lang='lat' dir='ltr'>se</span> <span class='ocrx_word' id='word_1_164' title='bbox 1097 2330 1214 2392; x_wconf 90' lang='lat' dir='ltr'>suaque</span> <span class='ocrx_word' id='word_1_165' title='bbox 1234 2311 1276 2373; x_wconf 89' lang='lat' dir='ltr'>ab</span> 
     </span>
     <span class='ocr_line' id='line_1_22' title="bbox 245 2411 1277 2494; baseline -0.004 -16"><span class='ocrx_word' id='word_1_166' title='bbox 245 2416 285 2480; x_wconf 89' lang='lat' dir='ltr'>iis</span> <span class='ocrx_word' id='word_1_167' title='bbox 307 2411 476 2477; x_wconf 87' lang='lat' dir='ltr'>defendere</span> <span class='ocrx_word' id='word_1_168' title='bbox 498 2431 561 2475; x_wconf 93' lang='lat' dir='ltr'>non</span> <span class='ocrx_word' id='word_1_169' title='bbox 584 2417 722 2494; x_wconf 86' lang='lat' dir='ltr'>possent,</span> <span class='ocrx_word' id='word_1_170' title='bbox 749 2412 869 2493; x_wconf 89' lang='lat' dir='ltr'>legatos</span> <span class='ocrx_word' id='word_1_171' title='bbox 895 2411 937 2474; x_wconf 89' lang='lat' dir='ltr'>ad</span> <span class='ocrx_word' id='word_1_172' title='bbox 960 2411 1126 2476; x_wconf 83' lang='lat' dir='ltr'>Gaesarem</span> <span class='ocrx_word' id='word_1_173' title='bbox 1149 2413 1277 2476; x_wconf 90' lang='lat' dir='ltr'>mittunt</span> 
     </span>
     <span class='ocr_line' id='line_1_23' title="bbox 213 2513 1275 2601; baseline -0.003 -20"><span class='ocrx_word' id='word_1_174' title='bbox 213 2523 389 2601; x_wconf 81' lang='lat' dir='ltr'>erogatum</span> <span class='ocrx_word' id='word_1_175' title='bbox 411 2515 575 2579; x_wconf 83' lang='lat' dir='ltr'>auxilium:</span> <span class='ocrx_word' id='word_1_176' title='bbox 604 2513 648 2576; x_wconf 89' lang='lat' dir='ltr'>ita</span> <span class='ocrx_word' id='word_1_177' title='bbox 675 2533 709 2576; x_wconf 91' lang='lat' dir='ltr'>se</span> <span class='ocrx_word' id='word_1_178' title='bbox 735 2514 820 2577; x_wconf 89' lang='lat' dir='ltr'>omni</span> <span class='ocrx_word' id='word_1_179' title='bbox 847 2520 987 2596; x_wconf 91' lang='lat' dir='ltr'>tempore</span> <span class='ocrx_word' id='word_1_180' title='bbox 1015 2513 1054 2577; x_wconf 92' lang='lat' dir='ltr'>de</span> <span class='ocrx_word' id='word_1_181' title='bbox 1080 2515 1195 2597; x_wconf 90' lang='lat' dir='ltr'>populo</span> <span class='ocrx_word' id='word_1_182' title='bbox 1217 2516 1275 2578; x_wconf 88' lang='lat' dir='ltr'>Ro-</span> 
     </span>
     <span class='ocr_line' id='line_1_24' title="bbox 246 2617 1277 2699; baseline -0.002 -16"><span class='ocrx_word' id='word_1_183' title='bbox 246 2639 339 2684; x_wconf 89' lang='lat' dir='ltr'>mano</span> <span class='ocrx_word' id='word_1_184' title='bbox 369 2618 495 2680; x_wconf 89' lang='lat' dir='ltr'>meritos</span> <span class='ocrx_word' id='word_1_185' title='bbox 529 2635 611 2698; x_wconf 88' lang='lat' dir='ltr'>esse,</span> <span class='ocrx_word' id='word_1_186' title='bbox 645 2622 680 2679; x_wconf 89' lang='lat' dir='ltr'>ut</span> <span class='ocrx_word' id='word_1_187' title='bbox 712 2636 815 2699; x_wconf 86' lang='lat' dir='ltr'>paene</span> <span class='ocrx_word' id='word_1_188' title='bbox 847 2617 881 2679; x_wconf 94' lang='lat' dir='ltr'>in</span> <span class='ocrx_word' id='word_1_189' title='bbox 915 2624 1085 2699; x_wconf 89' lang='lat' dir='ltr'>conspectu</span> <span class='ocrx_word' id='word_1_190' title='bbox 1119 2618 1277 2681; x_wconf 85' lang='lat' dir='ltr'>exereitus</span> 
     </span>
     <span class='ocr_line' id='line_1_25' title="bbox 246 2719 1275 2803; baseline -0.002 -17"><span class='ocrx_word' id='word_1_191' title='bbox 246 2721 344 2786; x_wconf 91' lang='lat' dir='ltr'>nostri</span> <span class='ocrx_word' id='word_1_192' title='bbox 370 2719 439 2801; x_wconf 88' lang='lat' dir='ltr'>agri</span> <span class='ocrx_word' id='word_1_193' title='bbox 464 2719 595 2801; x_wconf 87' lang='lat' dir='ltr'>vastari,</span> <span class='ocrx_word' id='word_1_194' title='bbox 625 2719 715 2783; x_wconf 88' lang='lat' dir='ltr'>liberi</span> <span class='ocrx_word' id='word_1_195' title='bbox 745 2739 851 2784; x_wconf 90' lang='lat' dir='ltr'>eorum</span> <span class='ocrx_word' id='word_1_196' title='bbox 880 2720 915 2783; x_wconf 94' lang='lat' dir='ltr'>in</span> <span class='ocrx_word' id='word_1_197' title='bbox 942 2721 1123 2784; x_wconf 90' lang='lat' dir='ltr'>servitutem</span> <span class='ocrx_word' id='word_1_198' title='bbox 1150 2720 1275 2803; x_wconf 86' lang='lat' dir='ltr'>abduci,</span> 
     </span>
     <span class='ocr_line' id='line_1_26' title="bbox 212 2820 1276 2907; baseline -0.001 -20"><span class='ocrx_word' id='word_1_199' title='bbox 212 2822 363 2907; x_wconf 72' lang='lat' dir='ltr'>aoppida</span> <span class='ocrx_word' id='word_1_200' title='bbox 390 2821 565 2904; x_wconf 86' lang='lat' dir='ltr'>expugnari</span> <span class='ocrx_word' id='word_1_201' title='bbox 590 2840 653 2884; x_wconf 92' lang='lat' dir='ltr'>non</span> <span class='ocrx_word' id='word_1_202' title='bbox 681 2820 853 2884; x_wconf 91' lang='lat' dir='ltr'>debuerint.</span> <span class='ocrx_word' id='word_1_203' title='bbox 904 2822 1015 2886; x_wconf 88' lang='lat' dir='ltr'>eodem</span> <span class='ocrx_word' id='word_1_204' title='bbox 1042 2829 1181 2904; x_wconf 89' lang='lat' dir='ltr'>tempore</span> <span class='ocrx_word' id='word_1_205' title='bbox 1203 2824 1276 2886; x_wconf 91' lang='lat' dir='ltr'>Arn-</span> 
     </span>
     <span class='ocr_line' id='line_1_27' title="bbox 246 2923 1275 3006; baseline -0.003 -15"><span class='ocrx_word' id='word_1_206' title='bbox 246 2926 343 3006; x_wconf 89' lang='lat' dir='ltr'>barri,</span> <span class='ocrx_word' id='word_1_207' title='bbox 373 2923 540 2988; x_wconf 70' lang='lat' dir='ltr'>necessari</span> <span class='ocrx_word' id='word_1_208' title='bbox 571 2929 603 2986; x_wconf 92' lang='lat' dir='ltr'>et</span> <span class='ocrx_word' id='word_1_209' title='bbox 632 2924 857 3004; x_wconf 88' lang='lat' dir='ltr'>consanguinei</span> <span class='ocrx_word' id='word_1_210' title='bbox 883 2924 1076 3006; x_wconf 90' lang='lat' dir='ltr'>Aeduorum,</span> <span class='ocrx_word' id='word_1_211' title='bbox 1108 2925 1275 2990; x_wconf 85' lang='lat' dir='ltr'>Caesarem</span> 
     </span>
     <span class='ocr_line' id='line_1_28' title="bbox 248 3024 1276 3108; baseline -0.004 -14"><span class='ocrx_word' id='word_1_212' title='bbox 248 3030 409 3094; x_wconf 88' lang='lat' dir='ltr'>certiorem</span> <span class='ocrx_word' id='word_1_213' title='bbox 436 3025 565 3108; x_wconf 82' lang='lat' dir='ltr'>faciunt,</span> <span class='ocrx_word' id='word_1_214' title='bbox 596 3044 665 3089; x_wconf 89' lang='lat' dir='ltr'>sese</span> <span class='ocrx_word' id='word_1_215' title='bbox 692 3024 889 3108; x_wconf 88' lang='lat' dir='ltr'>depopulatis</span> <span class='ocrx_word' id='word_1_216' title='bbox 915 3027 1000 3108; x_wconf 90' lang='lat' dir='ltr'>agris</span> <span class='ocrx_word' id='word_1_217' title='bbox 1026 3047 1088 3090; x_wconf 92' lang='lat' dir='ltr'>non</span> <span class='ocrx_word' id='word_1_218' title='bbox 1116 3028 1208 3092; x_wconf 86' lang='lat' dir='ltr'>facile</span> <span class='ocrx_word' id='word_1_219' title='bbox 1234 3028 1276 3091; x_wconf 87' lang='lat' dir='ltr'>ab</span> 
     </span>
    </p>
   </div>
   <div class='ocr_carea' id='block_1_3' title="bbox 214 3126 1278 3724">
    <p class='ocr_par' dir='ltr' id='par_1_3' title="bbox 214 3126 1278 3724">
     <span class='ocr_line' id='line_1_29' title="bbox 214 3126 1275 3215; baseline -0.008 -15"><span class='ocrx_word' id='word_1_220' title='bbox 214 3129 371 3215; x_wconf 84' lang='lat' dir='ltr'>soppidis</span> <span class='ocrx_word' id='word_1_221' title='bbox 400 3129 465 3192; x_wconf 90' lang='lat' dir='ltr'>vim</span> <span class='ocrx_word' id='word_1_222' title='bbox 493 3127 629 3192; x_wconf 87' lang='lat' dir='ltr'>hostium</span> <span class='ocrx_word' id='word_1_223' title='bbox 658 3126 832 3209; x_wconf 89' lang='lat' dir='ltr'>prohibere.</span> <span class='ocrx_word' id='word_1_224' title='bbox 886 3129 960 3191; x_wconf 93' lang='lat' dir='ltr'>item</span> <span class='ocrx_word' id='word_1_225' title='bbox 988 3128 1188 3211; x_wconf 83' lang='lat' dir='ltr'>Allobroges,</span> <span class='ocrx_word' id='word_1_226' title='bbox 1222 3131 1275 3211; x_wconf 92' lang='lat' dir='ltr'>qui</span> 
     </span>
     <span class='ocr_line' id='line_1_30' title="bbox 248 3230 1276 3313; baseline -0.004 -15"><span class='ocrx_word' id='word_1_227' title='bbox 248 3241 334 3298; x_wconf 89' lang='lat' dir='ltr'>trans</span> <span class='ocrx_word' id='word_1_228' title='bbox 360 3230 547 3296; x_wconf 86' lang='lat' dir='ltr'>Rhodanum</span> <span class='ocrx_word' id='word_1_229' title='bbox 573 3230 660 3293; x_wconf 85' lang='lat' dir='ltr'>vicos</span> <span class='ocrx_word' id='word_1_230' title='bbox 690 3232 966 3312; x_wconf 89' lang='lat' dir='ltr'>possessionesque</span> <span class='ocrx_word' id='word_1_231' title='bbox 995 3230 1169 3312; x_wconf 87' lang='lat' dir='ltr'>habebant,</span> <span class='ocrx_word' id='word_1_232' title='bbox 1200 3231 1276 3313; x_wconf 82' lang='lat' dir='ltr'>fuga</span> 
     </span>
     <span class='ocr_line' id='line_1_31' title="bbox 248 3332 1277 3415; baseline -0.004 -15"><span class='ocrx_word' id='word_1_233' title='bbox 248 3357 282 3400; x_wconf 91' lang='lat' dir='ltr'>se</span> <span class='ocrx_word' id='word_1_234' title='bbox 308 3335 350 3399; x_wconf 89' lang='lat' dir='ltr'>ad</span> <span class='ocrx_word' id='word_1_235' title='bbox 372 3335 540 3399; x_wconf 76' lang='lat' dir='ltr'>Gaesarem</span> <span class='ocrx_word' id='word_1_236' title='bbox 566 3333 721 3414; x_wconf 90' lang='lat' dir='ltr'>recipiunt</span> <span class='ocrx_word' id='word_1_237' title='bbox 747 3339 779 3395; x_wconf 84' lang='lat' dir='ltr'>et</span> <span class='ocrx_word' id='word_1_238' title='bbox 806 3332 1034 3412; x_wconf 87' lang='lat' dir='ltr'>demonstrant,</span> <span class='ocrx_word' id='word_1_239' title='bbox 1065 3333 1126 3395; x_wconf 89' lang='lat' dir='ltr'>sibi</span> <span class='ocrx_word' id='word_1_240' title='bbox 1152 3343 1277 3415; x_wconf 88' lang='lat' dir='ltr'>praeter</span> 
     </span>
     <span class='ocr_line' id='line_1_32' title="bbox 215 3433 1276 3521; baseline -0.005 -16"><span class='ocrx_word' id='word_1_241' title='bbox 215 3440 316 3521; x_wconf 85' lang='lat' dir='ltr'>eagri</span> <span class='ocrx_word' id='word_1_242' title='bbox 349 3437 448 3501; x_wconf 90' lang='lat' dir='ltr'>solum</span> <span class='ocrx_word' id='word_1_243' title='bbox 481 3435 559 3498; x_wconf 90' lang='lat' dir='ltr'>nihil</span> <span class='ocrx_word' id='word_1_244' title='bbox 587 3454 656 3498; x_wconf 89' lang='lat' dir='ltr'>esse</span> <span class='ocrx_word' id='word_1_245' title='bbox 685 3435 804 3516; x_wconf 90' lang='lat' dir='ltr'>reliqui.</span> <span class='ocrx_word' id='word_1_246' title='bbox 858 3435 970 3515; x_wconf 91' lang='lat' dir='ltr'>quibus</span> <span class='ocrx_word' id='word_1_247' title='bbox 999 3433 1093 3497; x_wconf 90' lang='lat' dir='ltr'>rebus</span> <span class='ocrx_word' id='word_1_248' title='bbox 1122 3435 1276 3500; x_wconf 85' lang='lat' dir='ltr'>adductus</span> 
     </span>
     <span class='ocr_line' id='line_1_33' title="bbox 249 3535 1278 3619; baseline -0.003 -14"><span class='ocrx_word' id='word_1_249' title='bbox 249 3543 365 3606; x_wconf 79' lang='lat' dir='ltr'>Caesar</span> <span class='ocrx_word' id='word_1_250' title='bbox 397 3558 460 3602; x_wconf 94' lang='lat' dir='ltr'>non</span> <span class='ocrx_word' id='word_1_251' title='bbox 494 3535 742 3619; x_wconf 86' lang='lat' dir='ltr'>exspectandum</span> <span class='ocrx_word' id='word_1_252' title='bbox 776 3537 834 3600; x_wconf 90' lang='lat' dir='ltr'>sibi</span> <span class='ocrx_word' id='word_1_253' title='bbox 868 3535 988 3618; x_wconf 88' lang='lat' dir='ltr'>statuit,</span> <span class='ocrx_word' id='word_1_254' title='bbox 1023 3535 1097 3598; x_wconf 90' lang='lat' dir='ltr'>dum</span> <span class='ocrx_word' id='word_1_255' title='bbox 1131 3538 1278 3603; x_wconf 87' lang='lat' dir='ltr'>omnibus</span> 
     </span>
     <span class='ocr_line' id='line_1_34' title="bbox 248 3638 1278 3724; baseline -0.003 -17"><span class='ocrx_word' id='word_1_256' title='bbox 248 3643 381 3708; x_wconf 87' lang='lat' dir='ltr'>fortunis</span> <span class='ocrx_word' id='word_1_257' title='bbox 407 3639 560 3704; x_wconf 89' lang='lat' dir='ltr'>sociorum</span> <span class='ocrx_word' id='word_1_258' title='bbox 587 3638 778 3721; x_wconf 90' lang='lat' dir='ltr'>consumptis</span> <span class='ocrx_word' id='word_1_259' title='bbox 805 3638 838 3702; x_wconf 93' lang='lat' dir='ltr'>in</span> <span class='ocrx_word' id='word_1_260' title='bbox 865 3638 1020 3703; x_wconf 85' lang='lat' dir='ltr'>Santonos</span> <span class='ocrx_word' id='word_1_261' title='bbox 1046 3639 1184 3704; x_wconf 85' lang='lat' dir='ltr'>Helvetii</span> <span class='ocrx_word' id='word_1_262' title='bbox 1209 3660 1278 3724; x_wconf 88' lang='lat' dir='ltr'>per-</span> 
     </span>
    </p>
   </div>
   <div class='ocr_carea' id='block_1_4' title="bbox 249 3747 401 3809">
    <p class='ocr_par' dir='ltr' id='par_1_4' title="bbox 249 3747 401 3809">
     <span class='ocr_line' id='line_1_35' title="bbox 249 3747 401 3809; baseline 0.026 -5"><span class='ocrx_word' id='word_1_263' title='bbox 249 3747 401 3809; x_wconf 90' lang='lat' dir='ltr'>venirent.</span> 
     </span>
    </p>
   </div>
   <div class='ocr_carea' id='block_1_5' title="bbox 0 0 1473 4192">
    <p class='ocr_par' dir='ltr' id='par_1_5' title="bbox 0 0 1473 4192">
     <span class='ocr_line' id='line_1_36' title="bbox 0 0 1473 4192; baseline 0 0"><span class='ocrx_word' id='word_1_264' title='bbox 0 0 1473 4192; x_wconf 95' lang='lat' dir='ltr'> </span> 
     </span>
    </p>
   </div>
  </div>
 </body>
</html>
