2966 4196
283 253 345 316 130
613 267 662 320 DE
680 267 796 322 BELLO
814 267 976 323 GALLICO

280 446 387 520 tunae,
411 438 497 504 omni
518 438 645 503 militari
668 439 885 521 instrumento,
916 439 1000 522 quod
1023 441 1139 506 circum
1161 461 1196 506 se
1217 441 1313 507 habe-

279 542 344 623 bat,
368 548 484 625 erepto,
508 540 592 606 redis
615 541 766 624 equisque
781 542 1023 626 comprehensis,
1046 543 1149 627 ipsum
1172 544 1312 627 effugere

245 650 420 714 amortcm.
456 642 513 708 sed
534 643 595 708 hoc
617 663 740 726 quoque
762 643 881 709 factum
903 652 960 726 est,
984 645 1068 727 quod
1089 645 1233 711 aedificio
1256 647 1311 710 cir-

280 745 425 811 oumdato
459 746 554 826 silva,
588 752 623 810 ut
657 752 730 810 sunt
762 745 829 811 fere
862 747 1021 813 domicilia
1053 748 1223 829 Gallorum,
1257 750 1310 832 qui

279 847 401 914 vitandi
416 855 524 914 aestus
539 868 634 914 causa
655 849 839 932 plerumque
862 851 1010 915 silvarum
1030 857 1125 934 atque
1147 851 1311 916 fluminum

278 957 390 1036 petunt
412 951 671 1036 propinquitates,
695 953 824 1017 comites
839 953 1072 1036 familiaresque
1087 954 1154 1019 eius
1175 961 1308 1038 angusto

278 1055 312 1118 in
339 1054 408 1119 loco
437 1055 597 1139 paulisper
626 1055 766 1136 equitum
795 1061 971 1120 nostrorum
993 1057 1058 1120 vim
1086 1057 1308 1122 sustinuerunt.

246 1157 329 1224 ehis
350 1157 566 1242 pugnantibus
587 1158 676 1221 illum
698 1159 731 1221 in
754 1177 869 1240 equum
892 1157 1020 1240 quidam
1040 1179 1081 1223 ex
1095 1159 1169 1245 suis
1190 1159 1309 1224 intulit:

278 1259 452 1342 fugientem
481 1260 582 1325 silvae
610 1266 767 1324 texerunt.
813 1261 858 1325 sic
881 1268 913 1326 et
940 1261 983 1324 ad
1012 1261 1210 1328 subcundum
1232 1263 1309 1346 peri·

279 1362 383 1426 culum
406 1369 438 1426 ct
459 1362 501 1426 ad
523 1362 687 1427 vitandum
710 1364 840 1428 multum
864 1365 989 1428 fortuna
1010 1365 1118 1428 valuit.

247 1488 258 1531 1
382 1467 503 1530 XXXI.
548 1466 713 1530 Ambiorix
743 1467 849 1550 copias
871 1487 944 1532 suas
974 1466 1131 1532 iudicione
1153 1488 1217 1532 non
1240 1488 1309 1532 oon-

278 1567 413 1649 duuerit,
447 1567 531 1650 quod
557 1568 674 1651 proelio
701 1567 914 1633 dimicandum
940 1590 1003 1634 non
1038 1570 1233 1650 existimarit,
1267 1591 1309 1634 an

277 1677 418 1755 tempore
440 1671 587 1736 exclusis
610 1677 641 1735 et
662 1672 826 1754 repentino
850 1672 990 1753 equitum
1012 1671 1152 1736 adventu
1174 1672 1309 1756 prohibi-

278 1780 338 1854 tus,
362 1794 432 1838 oum
454 1774 609 1855 reliquum
632 1776 805 1838 exercitum
829 1776 977 1857 subsequi
1000 1775 1149 1858 crederet,
1178 1773 1307 1840 dubium

244 1882 334 1942 aest.
381 1876 437 1942 sed
460 1883 544 1941 certe
566 1875 704 1942 dimissis
726 1897 783 1960 per
804 1897 898 1959 agros
920 1877 1038 1942 nuntiis
1069 1878 1129 1942 sibi
1153 1898 1308 1960 quemque

277 1980 438 2045 consulere
459 1980 558 2044 iussit.
584 1999 714 2061 quorum
736 2000 810 2063 pars
825 1981 858 2043 in
873 1980 1077 2044 Arduennam
1093 1981 1214 2061 silvam,
1234 2001 1307 2064 pars

243 2082 310 2150 ain
344 2083 540 2147 continentes
572 2081 705 2166 paludes
737 2081 889 2166 profugit;
925 2083 978 2164 qui
1011 2083 1146 2167 proximi
1181 2083 1307 2148 Oceano

276 2185 411 2266 fuerunt,
434 2185 468 2248 hi
489 2185 601 2249 insulis
621 2203 690 2249 sese
706 2185 950 2266 occultaverunt,
968 2205 1046 2268 quas
1060 2192 1166 2252 aestus
1182 2185 1307 2250 efficere

187 2329 189 2332 v
242 2293 480 2369 sconsuerunt3
504 2287 594 2350 multi
617 2306 658 2350 ex
681 2286 746 2352 suis
768 2286 884 2352 finibus
907 2288 1025 2371 egressi
1048 2308 1082 2353 se
1105 2307 1223 2370 suaque
1245 2309 1307 2353 om-

242 2390 330 2459 snia
358 2388 558 2454 alienissimis
589 2387 796 2453 crediderunt.
844 2390 1041 2471 Catuvolcus,
1071 2411 1128 2455 rex
1158 2391 1307 2456 dimidiae

275 2492 374 2577 partis
396 2491 587 2573 Eburonum,
611 2491 664 2574 qui
686 2511 751 2555 una
774 2513 844 2557 cum
867 2493 1049 2577 Ambiorige
1077 2493 1240 2558 oonsihum
1262 2495 1306 2557 in·

275 2595 364 2676 ierat,
387 2599 491 2658 aetate
513 2594 577 2658 iam
599 2593 761 2660 confectus
784 2615 855 2659 cum
877 2596 1015 2660 laborem
1038 2596 1111 2660 belli
1133 2603 1189 2660 aut
1210 2595 1306 2679 fugae

275 2698 356 2763 ferre
378 2717 442 2762 non
464 2703 580 2781 posset,
610 2697 755 2764 omnibus
785 2699 930 2781 precibus
959 2696 1133 2763 detestatus
1154 2698 1306 2764 Ambiori·

274 2820 357 2885 gem,
381 2799 434 2883 qui
457 2800 525 2868 eius
547 2800 668 2865 consilii
690 2807 799 2864 auctor
821 2800 941 2881 fuisset,
964 2806 1049 2881 taxo,
1080 2801 1167 2864 cuius
1189 2821 1306 2883 magna

273 2904 307 2967 in
330 2903 433 2968 Gallia
455 2903 686 2984 Germaniaque
709 2904 798 2987 copia
821 2910 877 2984 est,
900 2923 935 2968 se
957 2903 1157 2968 exanimavit.

242 3027 255 3074 1
379 3006 517 3070 XXXII.
563 3005 661 3088 Segni
684 3005 910 3087 Condrusique,
940 3025 981 3070 ex
1003 3012 1100 3088 gente
1123 3012 1154 3070 et
1176 3027 1305 3070 numero

275 3109 509 3188 Germanorum,
533 3107 587 3189 qui
609 3112 683 3172 sunt
704 3107 786 3172 inter
800 3108 962 3172 Eburones
977 3109 1200 3189 Iheverosque,
1222 3109 1319 3190 lega--

274 3217 322 3276 tos
355 3209 396 3274 ad
427 3210 595 3275 Caesarem
629 3209 782 3274 miserunt
811 3217 941 3290 oratum,
971 3229 1013 3274 ne
1042 3229 1077 3274 se
1106 3210 1139 3273 in
1169 3209 1304 3275 hostium

274 3332 403 3377 numero
433 3311 561 3376 duceret
589 3331 671 3376 neve
700 3313 839 3376 omnium
865 3313 1099 3393 Germanorum,
1124 3313 1305 3394 quiessent

238 3417 352 3491 .,citra
373 3416 528 3497 Rhenum,
552 3435 646 3479 unam
670 3435 739 3479 esse
762 3433 889 3479 oausam
911 3413 1076 3478 iudicaret:
1107 3414 1186 3478 nihil
1208 3434 1242 3480 se
1265 3413 1305 3479 de

240 3541 256 3589 2
274 3519 356 3584 bello
379 3518 543 3602 cogitasse,
566 3517 652 3580 nulla
673 3517 849 3600 Ambiorigi
871 3517 990 3580 auxilia
1016 3517 1149 3582 misisse.
1189 3517 1305 3583 Caesar

274 3623 438 3706 explorata
459 3641 493 3685 re
516 3621 698 3702 quaestione
721 3620 924 3703 captivorum,
947 3619 974 3683 si
997 3619 1049 3701 qui
1079 3618 1121 3682 ad
1144 3639 1198 3684 eos
1223 3619 1304 3682 llbu·

273 3743 365 3788 rones
381 3744 422 3788 ex
433 3723 511 3806 fuga
526 3724 755 3802 convenissent,
771 3721 812 3786 ad
828 3741 861 3785 sc
876 3728 911 3784 ut
925 3720 1156 3805 reducerentur,
1172 3721 1304 3805 impera-

275 3826 334 3909 vit;
365 3827 393 3890 si
415 3827 460 3890 ita
482 3825 640 3903 fecissent,
667 3825 748 3888 fines
771 3844 876 3888 eorum
899 3843 932 3887 se
954 3823 1141 3886 violaturum
1163 3823 1301 3905 negavit.
