2966 4196
312 197 353 260 92
650 212 699 265 DE
716 210 832 266 BELLO
851 210 1013 266 GALLICO

311 405 460 470 passuum
493 384 675 468 octingenta
708 385 741 448 in
775 382 1004 468 longitudinem
1034 403 1103 450 esse
1137 383 1343 449 existimatur.

275 507 292 557 t
311 489 357 553 ita
378 487 480 553 omnis
502 487 606 552 insula
628 486 731 552 estin
754 487 883 552 circuitu
906 485 1004 551 vicies
1034 492 1202 552 centenum
1224 487 1344 550 milium
1476 509 1477 580 l

310 610 470 676 passuum.
1476 601 1477 608 ’

278 717 291 762 r
414 693 501 759 XIV.
546 693 597 756 Ex
626 691 675 758 his
706 693 850 758 omnihus
883 693 977 777 longe
1010 697 1083 758 sunt
1116 691 1342 774 humanissimi,

312 796 365 880 qui
396 797 542 863 Cantium
571 796 726 880 incolunt,
758 815 839 878 quae
867 796 954 880 regio
984 801 1032 860 cst
1053 795 1210 860 maritima
1232 795 1343 876 omnis,

275 921 292 968 r
311 919 413 982 neque
435 901 568 964 multum
582 921 603 964 a
618 899 739 965 Gallica
753 897 902 963 differunt
917 897 1151 964 consuetudine.
1182 898 1344 964 interiores

311 1003 452 1088 plerique
475 1003 633 1068 frumenta
654 1021 718 1066 non
740 1007 857 1085 serunt,
881 1000 937 1066 sed
958 1001 1040 1066 lacte
1062 1007 1094 1066 et
1116 1021 1210 1066 carne
1232 1001 1344 1066 vivunt

310 1106 508 1190 pellibusque
537 1112 610 1170 sunt
632 1105 747 1170 vestiti.
797 1123 905 1169 omnes
927 1114 1002 1176 vero
1032 1124 1066 1169 se
1095 1103 1241 1168 Britanni
1262 1103 1342 1168 vitro

310 1208 462 1291 inficiunt,
486 1206 570 1290 quod
592 1207 768 1272 caeruleum
791 1205 889 1272 efficit
910 1207 1055 1287 colorem,
1078 1197 1173 1288 atque
1195 1205 1254 1270 hoc
1275 1204 1343 1270 hor-

275 1309 441 1379 eridicres
464 1309 592 1376 suntin
614 1329 723 1394 pugna
745 1314 889 1394 aspectu,
913 1309 1087 1393 capilloque
1102 1315 1175 1374 sunt
1190 1309 1342 1392 promisso

310 1419 405 1496 atque
428 1413 513 1479 omni
534 1419 623 1497 parte
647 1412 783 1496 eorporis
805 1431 877 1478 rasa
898 1417 1023 1496 praeter
1045 1417 1139 1496 caput
1162 1417 1194 1476 ct
1220 1411 1342 1477 labrum

274 1516 460 1600 isuperius.
499 1535 613 1580 uxores
636 1514 756 1580 habent
778 1513 853 1579 deni
879 1512 1078 1596 duodenique
1100 1514 1182 1579 inter
1204 1535 1239 1580 se
1262 1534 1342 1579 com-

311 1637 430 1702 munes,
452 1624 484 1683 et
505 1618 645 1682 maxime
667 1617 780 1683 fratres
795 1616 1028 1682 cumfratribus
1044 1623 1255 1702 parentesque
1271 1638 1342 1682 oum

275 1743 292 1790 s
310 1721 430 1806 liberis,
453 1720 510 1786 sed
532 1721 559 1785 si
579 1721 632 1802 qui
647 1727 721 1786 suut
736 1740 777 1786 ex
792 1719 842 1786 his
857 1720 933 1804 nati,
950 1739 1056 1786 corum
1071 1719 1227 1786 habentur
1240 1720 1341 1804 liberi,

311 1844 371 1906 quo
393 1824 528 1908 primum
550 1823 640 1908 virgo
664 1843 806 1906 quaeque
829 1821 964 1888 deducta
988 1829 1044 1888 cst.

277 1951 290 1996 r
411 1928 481 1992 XV.
526 1927 656 2009 Equites
678 1926 814 1992 hostium
842 1925 1054 2008 essedariique
1083 1926 1196 1991 acriter
1225 1926 1342 2010 proelio

311 2049 381 2096 cum
412 2030 552 2111 equitatu
581 2034 687 2094 nostro
717 2029 750 2094 iu
780 2029 892 2094 itinere
915 2028 1133 2110 conflixerunt,
1164 2029 1209 2093 ita
1235 2035 1341 2095 tamen

310 2138 344 2197 ut
365 2133 464 2196 nostri
486 2131 631 2196 omnibus
653 2132 795 2215 partibus
818 2131 994 2215 superiores
1016 2131 1132 2196 suerint
1161 2138 1256 2216 atque
1287 2153 1341 2198 cos

274 2234 343 2302 niu
372 2233 469 2298 silvas
495 2234 656 2318 ⁷collesque
687 2234 906 2320 compulerint;
937 2233 994 2300 sed
1017 2235 1228 2319 compluribus
1249 2235 1341 2300 inter·
1476 2293 1477 2302 ,

274 2335 401 2405 electis
429 2335 573 2420 cupidius
595 2337 729 2424 insecuti
750 2337 916 2402 nonnullos
940 2357 981 2403 ex
1004 2338 1068 2404 suis
1090 2338 1271 2404 amiserunt.
1329 2345 1342 2402 t
1476 2357 1477 2428 l

309 2439 354 2504 illi
375 2438 552 2504 intermisso
575 2440 687 2524 spatio,
710 2439 961 2525 imprudentibus
983 2441 1098 2506 nostris
1128 2447 1223 2524 atque
1254 2461 1341 2507 occu·
1476 2431 1477 2512 i

309 2541 392 2627 patis
421 2542 455 2606 in
484 2542 657 2608 munitione
680 2549 860 2629 castrorum,
884 2544 988 2610 subito
1011 2564 1046 2610 se
1068 2563 1110 2609 ex
1133 2545 1221 2610 silvis
1244 2545 1340 2610 eiece-

308 2651 381 2711 runt
409 2645 591 2730 impetuque
620 2647 654 2710 in
684 2666 737 2712 eos
758 2647 853 2730 iacto,
884 2648 938 2730 qui
960 2653 1050 2712 erant
1071 2647 1105 2712 in
1128 2647 1263 2713 statione
1284 2667 1340 2732 pro
1476 2647 1477 2678 ¹

273 2750 419 2816 4castris
442 2749 591 2834 collocati,
619 2749 732 2814 acriter·
762 2755 993 2834 pugnaverunt,
1024 2749 1208 2831 duabusque
1238 2751 1341 2815 missis

308 2851 448 2918 subsidio
472 2851 649 2918 cohortibus
668 2853 848 2934 aansare,
871 2858 967 2933 atque
988 2851 1028 2917 iis
1049 2851 1158 2935 primis
1180 2851 1340 2934 legionum

309 2954 449 3038 duarum,
473 2973 544 3019 oum
565 2954 626 3019 hae
648 2955 822 3039 perexiguo
844 2953 1022 3019 intermisso
1044 2953 1104 3018 loci
1133 2953 1235 3036 spatio
1257 2953 1340 3018 iuter
1476 3003 1477 3008 η

308 3078 343 3124 se
365 3057 586 3141 constitissent,
617 3076 699 3122 novo
729 3077 846 3141 genere
875 3075 1002 3140 pugnae
1031 3055 1203 3140 perterritis
1224 3056 1339 3122 nostris

307 3180 364 3244 per
385 3159 505 3226 medios
530 3159 739 3226 audacissime
766 3164 976 3245 perruperunt
1005 3177 1102 3242 seque
1124 3157 1199 3224 inde
1224 3159 1339 3224 incolu-

272 3281 374 3328 smes
404 3269 597 3346 receperunt.
645 3281 681 3327 eo
711 3261 763 3328 dic
786 3261 921 3338 Quintus
943 3261 1096 3328 Laberius
1119 3263 1223 3328 Durus
1245 3263 1339 3327 tribu·

307 3384 367 3429 nus
389 3363 521 3428 militum
536 3364 729 3429 interficitur.
760 3365 804 3428 illi
826 3365 967 3448 pluribus
983 3365 1146 3431 submissis
1161 3364 1338 3430 cohortibus

304 3467 507 3552 repelluntur.
818 3546 819 3549 Ἴ

274 3594 287 3638 ι
409 3571 495 3636 XVI.
533 3571 612 3636 Toto
634 3569 694 3636 hoc
715 3570 885 3656 ingemere
907 3591 1042 3656 pugnae,
1067 3591 1137 3636 cunr
1160 3570 1218 3636 sub
1241 3570 1338 3635 oculis

307 3674 446 3739 omnium
460 3693 499 3739 ac
513 3693 570 3758 pro
586 3674 696 3740 castris
712 3673 919 3758 dimicaretur,
943 3674 1136 3739 intellectum
1152 3679 1200 3738 est
1215 3679 1338 3738 nostros

306 3783 433 3861 propter
454 3778 644 3862 gravitatem
666 3797 832 3862 armorum,
856 3776 940 3860 quod
962 3796 1065 3861 neque
1087 3775 1212 3858 insequi
1228 3774 1338 3840 ceden-
