2936 4192
301 218 342 282 62
633 231 682 284 DE
700 230 816 286 BELLO
834 230 994 286 GALLICO

301 404 423 490 imperii
444 406 582 484 tenebat,
606 423 676 467 oum
697 403 754 468 Do
777 401 907 483 devotis,
931 423 1008 484 quos
1034 403 1079 467 illi
1102 403 1253 468 soldurios
1275 425 1316 487 ap

264 507 428 592 apellant,
456 526 586 589 quorum
608 505 687 570 haec
709 511 756 570 est
779 503 929 586 condicio,
960 506 1006 569 uti
1035 506 1180 570 omnibus
1201 506 1235 570 in
1261 507 1329 572 vita

302 607 472 674 commodis
501 628 565 673 una
594 627 664 671 oum
693 607 731 670 iis
760 606 913 688 fruantur,
944 627 1074 688 quorum
1106 627 1141 673 se
1170 609 1328 672 amicitiae

301 710 492 795 dediderint,
516 711 542 775 si
565 708 640 792 quid
662 709 712 774 his
733 709 869 792 pervim
891 707 1022 789 accidat,
1045 716 1100 774 aut
1122 709 1257 774 eundem
1280 730 1327 774 oa-

265 833 371 882 asum
392 833 456 878 una
477 812 580 896 ferant
602 817 656 876 aut
679 811 739 875 sibi
761 816 892 875 mortem
919 811 1127 896 consciscant;
1150 831 1253 894 neque
1275 811 1327 875 ad-

302 914 363 980 hue
391 914 551 980 homiuum
580 913 729 978 memoria
757 917 898 996 repertus
927 918 975 976 est
1005 912 1178 996 quisquam,
1207 913 1260 994 qui
1290 933 1326 977 eo

302 1017 475 1098 interfecto,
499 1017 587 1082 ouius
609 1035 643 1081 se
665 1015 821 1080 amicitiae
844 1013 1032 1094 devovisset,
1055 1013 1132 1078 mori
1154 1021 1325 1079 recusaret:

266 1141 372 1188 rcum
394 1119 444 1184 his
465 1118 665 1183 Adiatunnus
688 1118 882 1209 eruptionem
903 1116 1008 1181 facere
1031 1123 1169 1196 conatus,
1193 1117 1326 1181 clamore

302 1224 342 1288 ab
373 1241 412 1286 ea
439 1228 528 1304 parta
557 1219 738 1284 munitionis
768 1219 899 1299 sublato,
930 1238 1000 1282 cum
1028 1217 1070 1282 ad
1098 1238 1186 1282 arma
1212 1219 1326 1282 milites

303 1323 530 1389 concurrissent
559 1321 823 1402 vehementerque
851 1320 896 1384 ibi
917 1327 1091 1404 pugnatum
1114 1327 1205 1400 esset,
1228 1321 1326 1404 repul-

303 1444 356 1490 sus
376 1425 411 1489 in
433 1423 581 1508 oppidum
603 1430 719 1504 tamen,
741 1423 787 1487 uti
811 1421 921 1487 eadem
948 1421 1116 1486 deditionis
1144 1421 1326 1486 condicione

304 1532 449 1606 uteretur,
472 1527 512 1592 ab
537 1526 647 1592 Crasso
669 1524 856 1608 impetravit.

270 1650 283 1696 r
404 1628 525 1692 XXIII.
569 1627 673 1692 Armis
706 1624 929 1709 obsidibusque
961 1628 1098 1711 acceptIs
1131 1627 1260 1693 Crassus
1292 1627 1325 1690 in

266 1729 382 1798 afines
403 1730 567 1795 Vocatium
595 1734 626 1793 et
651 1728 849 1792 Tarusatium
875 1728 1032 1811 profectus
1059 1737 1114 1794 est.
1159 1735 1225 1794 tum
1251 1747 1325 1794 vero

303 1831 428 1896 barbari
451 1831 606 1912 commoti,
630 1829 712 1912 quod
734 1829 882 1913 oppidum
906 1836 936 1894 et
959 1837 1071 1894 natura
1096 1831 1155 1896 loci
1178 1836 1209 1896 et
1230 1850 1325 1894 manu

303 1933 456 1998 munitum
477 1932 586 2016 paucis
606 1931 726 2013 diebus,
750 1931 862 2013 quibus
878 1950 914 1996 eo
931 1938 1059 1996 ventum
1075 1939 1150 2014 erat,
1167 1953 1325 2016 expugna-

303 2042 369 2099 tum
391 2040 611 2118 cognoverant,
634 2034 754 2116 legatos
779 2051 1045 2114 quoquoversum
1068 2033 1232 2114 dimittere,
1256 2053 1324 2099 con-

303 2138 414 2216 iurare,
444 2136 569 2202 obsides
598 2136 679 2199 inter
708 2154 742 2200 se
771 2133 856 2215 dare,
887 2135 992 2218 copias
1013 2155 1124 2218 parare
1147 2142 1322 2220 coeperunt.

268 2257 285 2305 a
305 2237 467 2300 mittuntur
496 2237 589 2300 etiam
618 2236 660 2300 ad
687 2256 741 2301 eas
764 2236 906 2301 civitates
927 2236 1033 2319 legati,
1057 2257 1137 2319 quae
1159 2244 1231 2304 sunt
1253 2237 1324 2302 cite-

303 2338 572 2421 riorIsHispaniao
583 2337 1029 2419 finitimaeAquitaniaczinde
1039 2339 1157 2403 auxilia
1168 2339 1324 2421 ducesque

268 2445 509 2507 tarcessuntur.
533 2459 662 2521 quorum
684 2437 823 2503 adventu
845 2459 961 2520 magna
988 2459 1058 2503 curn
1083 2442 1267 2506 auctoritate
1293 2448 1325 2506 et

305 2561 419 2626 magna
434 2559 503 2605 cum
518 2539 678 2605 hominum
692 2539 889 2604 multitudine
904 2540 1018 2605 bellum
1039 2562 1148 2624 gerere
1164 2550 1322 2608 conantur.

267 2641 399 2710 educes
428 2661 502 2708 vero
530 2641 553 2705 ii
582 2640 769 2724 defiguntur,
798 2642 850 2724 qui
872 2661 1027 2707 unacum
1050 2642 1165 2719 Quinto
1188 2645 1323 2710 Sertorio

304 2763 411 2808 omnes
433 2763 531 2810 annos
553 2743 677 2808 fuerant
697 2763 910 2825 summamque
932 2745 1093 2809 scientiam
1115 2747 1160 2810 rei
1182 2748 1323 2813 militaris

268 2845 420 2912 ohabere
446 2845 713 2910 existimabantur.
758 2843 790 2907 hi
813 2845 1035 2910 consuetudine
1060 2848 1166 2930 populi
1190 2850 1322 2914 Romani

306 2947 372 3010 loca
397 2966 517 3030 capere,
544 2953 646 3011 castra
670 2945 800 3025 munire,
831 2948 1053 3013 commeatibus
1082 2955 1203 3015 nostros
1231 2951 1321 3016 inter-

268 3046 429 3115 deludere
450 3048 622 3112 instituunt.
658 3045 740 3128 quod
761 3047 814 3111 ubi
838 3047 967 3112 Crassus
991 3050 1220 3133 animadvertit,
1250 3073 1322 3120 suas

305 3148 410 3232 copias
431 3154 556 3232 propter
586 3148 789 3231 exiguitatem
809 3169 873 3213 non
895 3148 986 3214 facile
1008 3149 1122 3232 diduci,
1149 3152 1269 3218 hostem
1292 3162 1323 3222 et

305 3249 414 3332 vagari
441 3255 472 3313 et
501 3249 569 3314 vias
598 3249 740 3314 obsidere
771 3256 802 3313 et
829 3251 938 3314 castris
960 3252 1036 3315 satis
1057 3253 1204 3335 praesidii
1233 3257 1322 3320 relin-

306 3370 409 3433 quere,
429 3352 468 3416 ob
489 3370 557 3416 eam
580 3371 704 3416 oausam
727 3351 829 3415 minus
852 3351 1011 3416 commode
1033 3353 1221 3420 frumentum
1244 3378 1322 3422 oom-

305 3457 502 3532 meatumque
536 3451 595 3516 sibi
625 3452 807 3534 supportari,
837 3453 871 3516 ln
897 3451 964 3517 dies
998 3453 1131 3519 hostium
1160 3477 1322 3522 numerum

305 3552 422 3635 augeri,
438 3572 500 3616 non
516 3551 724 3616 cunctandum
739 3553 938 3634 existimavit,
962 3556 1037 3635 quin
1059 3576 1165 3638 pugna
1186 3558 1321 3624 decerta·

268 3660 360 3720 oret.
395 3653 454 3716 hac
475 3673 509 3716 re
531 3652 570 3715 ad
594 3653 755 3717 consilium
777 3652 889 3732 delata,
912 3656 965 3718 ubi
988 3676 1095 3720 omnes
1109 3657 1192 3724 idem
1207 3662 1322 3727 sentire

304 3753 467 3832 intellexit,
498 3761 655 3834 posterum
678 3750 760 3814 diem
782 3773 906 3834 pugnae
930 3756 1096 3819 constituit.
