2966 4196
272 231 333 295 168
604 247 654 303 DE
671 247 788 303 BELLO
805 247 968 306 GALLICO

236 442 248 488 1
371 421 484 486 LVIII.
530 421 690 487 Labienus
712 421 813 506 primo
835 421 946 487 vineas
967 441 1073 506 agere,
1097 423 1235 490 cratibus
1256 429 1302 488 at·

269 542 330 606 que
352 543 469 608 aggere
491 523 640 608 paludem
663 525 792 608 explere
814 529 909 607 atque
931 525 992 589 iter
1013 526 1137 591 munire
1168 527 1300 592 eonaba

234 646 249 692 1
268 633 326 690 tur.
349 633 516 710 postquam
537 626 572 691 id
594 626 754 691 difficilius
777 626 905 692 confieri
927 627 1159 708 animadvertit,
1176 629 1300 694 silentio

268 749 286 793 e
308 730 419 795 castris
440 730 534 795 tertia
548 729 659 814 vigilia
678 749 823 814 egressus
839 729 949 794 eodem
966 750 1027 812 quo
1042 738 1174 796 venerat
1188 731 1300 796 itinere

234 853 249 900 s
267 832 474 898 Metiosedum
495 833 649 918 pervenit.
694 832 729 896 id
752 839 799 896 est
821 831 972 916 oppidum
994 834 1164 915 Senonum,
1194 834 1227 898 in
1254 834 1300 898 iu·

267 937 336 1001 sula
357 937 524 1018 Sequanae
553 937 699 1020 positum,
729 942 763 999 ut
793 937 887 1020 paulo
913 942 988 1001 ante
1009 935 1051 1001 de
1072 937 1198 1002 Lutetia
1220 935 1300 1000 dixi·

232 1059 345 1107 111111.
391 1039 555 1124 deprensis
577 1039 713 1104 navibus
737 1039 859 1104 circiter
886 1039 1117 1124 quinquaginta
1146 1040 1300 1104 celeriter·

267 1163 328 1226 que
350 1142 525 1208 coniunctis
546 1147 642 1224 atque
665 1162 702 1206 eo
723 1142 875 1208 militibus
897 1143 1021 1208 iniectis
1044 1150 1075 1208 et
1097 1144 1143 1208 rei
1157 1143 1300 1208 novitate

265 1245 438 1330 perterritis
459 1243 636 1329 oppidanis,
661 1265 792 1326 quorum
813 1265 932 1328 magna
953 1266 1026 1330 pars
1042 1251 1109 1311 erat
1123 1245 1166 1310 ad
1180 1247 1299 1311 bellum

232 1355 407 1431 sevocata,
431 1347 500 1413 sine
522 1346 722 1412 contentione
745 1347 860 1432 oppido
883 1349 1008 1432 potitur.
1051 1349 1169 1414 relecto
1191 1356 1297 1433 ponte,

267 1471 361 1534 quem
383 1451 595 1535 superioribus
616 1449 729 1516 diebus
756 1450 863 1516 hostes
889 1451 1092 1533 resciderunt,
1124 1453 1298 1518 exercitum

266 1553 402 1619 traducit
424 1560 455 1619 et
478 1553 616 1620 secundo
637 1552 767 1618 flumine
789 1553 830 1618 ad
849 1555 1007 1619 Lutetiam
1029 1555 1089 1620 iter
1111 1556 1216 1620 facere
1231 1575 1298 1620 coe

233 1657 321 1742 epit.
367 1657 473 1723 hostes
504 1677 538 1722 re
568 1657 695 1741 cognita
723 1657 837 1738 abiis,
868 1658 921 1740 qui
943 1658 1116 1724 Metiosedo
1138 1659 1297 1743 fugerant,

265 1760 422 1825 Lutetiam
444 1759 572 1825 incendi
593 1766 769 1843 pontesque
792 1759 860 1824 eius
881 1761 990 1844 oppidi
1013 1761 1150 1826 rescindi
1172 1763 1296 1846 iubent;

265 1863 326 1947 ipsi
348 1863 480 1947 profecti
502 1883 523 1927 a
544 1861 660 1947 palude
683 1861 725 1926 ad
747 1863 831 1946 ripas
854 1863 1021 1945 Sequanae
1043 1884 1062 1929 e
1087 1865 1216 1949 regione
1238 1864 1298 1929 Lu·

265 1966 361 2031 tetiae
384 1972 492 2032 eontra
513 1965 647 2030 Labieni
670 1971 774 2030 castra
795 1965 971 2032 considunt.

232 2089 246 2137 1
367 2069 451 2133 LIX.
497 2070 565 2132 Iam
596 2069 713 2134 Caesar
742 2088 763 2131 a
792 2068 950 2153 Gergovia
979 2069 1162 2136 discessisse
1191 2069 1297 2135 audie

265 2173 366 2252 batur,
389 2171 452 2235 iam
475 2170 515 2234 do
537 2170 717 2235 Aeduorum
745 2170 923 2236 defectione
953 2179 985 2236 et
1014 2172 1152 2258 seeundo
1175 2173 1297 2239 Galliae

265 2281 351 2339 motu
372 2293 512 2337 mmores
534 2272 757 2355 afferebantur,
781 2273 924 2356 Gallique
954 2275 987 2339 in
1018 2276 1178 2357 colloquiis
1204 2276 1297 2340 inter-

266 2377 386 2442 clusum
407 2375 520 2440 itinere
543 2381 576 2440 et
595 2376 702 2459 Ligeri
726 2377 894 2442 Caesarem
915 2379 1024 2462 inopia
1045 2379 1195 2444 frumenti
1210 2399 1297 2445 eoac-

231 2487 332 2548 etum
353 2479 387 2543 in
408 2478 603 2563 provinciam
627 2479 827 2544 contendisse
854 2480 1091 2546 confirmabant.
1136 2471 1296 2547 Bellouaci

264 2589 370 2647 autem
392 2581 569 2646 defectione
591 2581 771 2646 Aeduorum
794 2584 930 2667 cognita,
954 2585 1008 2666 qui
1030 2585 1093 2648 iam
1108 2593 1184 2650 ante
1206 2591 1296 2650 erant

264 2706 321 2770 per
343 2703 378 2750 se
399 2683 554 2764 infideles,
576 2705 690 2748 manus
712 2705 825 2769 cogere
847 2691 943 2768 atque
964 2694 1074 2770 aperte
1095 2687 1214 2752 bellum
1243 2707 1296 2772 pa

230 2808 333 2858 erare
348 2793 527 2872 coeperunt.
550 2793 617 2851 tum
632 2787 793 2852 Labienus
815 2794 905 2852 tanta
926 2809 1030 2854 rerum
1053 2790 1296 2856 commutatione

263 2893 357 2977 longe
377 2889 465 2955 aliud
487 2889 548 2954 sibi
571 2889 760 2974 capiendum
782 2891 956 2973 consilium,
986 2899 1082 2975 atque
1110 2899 1207 2957 antea
1228 2913 1296 2958 sen·

229 3017 246 3063 1
264 3002 357 3075 serat,
379 2993 594 3077 intellegebat,
617 3012 721 3076 neque
739 2993 813 3075 iam,
836 3000 872 3058 ut
885 2994 1005 3077 adquid
1020 2994 1195 3078 acquireret
1209 3015 1296 3080 prce

263 3098 368 3180 lioque
400 3096 507 3162 hostes
538 3096 716 3177 lacesseret,
750 3095 807 3162 sed
839 3102 875 3161 ut
902 3097 1091 3163 incolumem
1121 3099 1296 3163 exercitum

229 3224 246 3272 s
264 3199 462 3285 Agedincum
484 3198 656 3282 reduceret,
680 3199 849 3284 cogitabat.
872 3219 1009 3282 namque
1031 3201 1132 3265 altera
1150 3220 1192 3266 ex
1206 3206 1296 3285 parte

262 3302 432 3382 Bellovaci,
455 3321 537 3384 quae
559 3302 671 3367 civitas
692 3302 726 3366 in
742 3302 846 3368 Gallia
866 3302 1039 3368 maximam
1061 3303 1159 3368 habet
1178 3303 1295 3388 opinio

262 3428 335 3473 nem
357 3404 492 3485 virtutis,
514 3404 685 3490 instabant,
708 3405 841 3470 alteram
864 3405 1096 3490 Camulogenus
1118 3414 1229 3491 parato
1251 3412 1295 3470 at·

263 3533 324 3598 qne
345 3511 497 3577 instructo
520 3507 660 3573 exercitu
683 3511 826 3593 tenebat;
849 3515 917 3573 tum
939 3510 1080 3594 legiones
1094 3529 1116 3573 a
1136 3507 1296 3594 praesidio

262 3623 356 3697 atque
385 3610 620 3696 impedimentis
649 3611 836 3676 interclusas
865 3611 1040 3676 maximnm
1069 3611 1187 3676 flumen
1210 3610 1295 3676 disti·

229 3718 368 3785 snebat.
402 3715 499 3780 tantis
521 3713 625 3779 subito
647 3713 887 3780 difficultatibus
906 3714 1038 3780 obiectis
1059 3715 1101 3780 ab
1124 3714 1222 3779 animi
1237 3714 1295 3779 vir·

262 3825 328 3883 tute
350 3818 503 3882 auxilium
526 3815 697 3900 petendum
720 3816 858 3882 videbat.
