2936 4192
267 167 309 230 64
601 183 650 234 DE
668 182 783 236 BELLO
801 181 962 237 GALLICO

265 355 455 420 munitiones
484 361 694 439 pervenerunt
716 362 811 437 atque
840 354 890 419 bis
915 354 1050 438 prorutis
1075 353 1163 438 prius
1183 353 1218 418 in
1239 354 1292 419 ho

265 457 358 521 stium
381 457 491 522 castris
514 456 727 536 constiterunt,
748 475 842 538 quam
863 456 956 539 plane
978 457 1018 521 ab
1042 455 1091 520 his
1105 455 1206 520 rideri
1227 462 1291 538 aut,

230 557 340 640 aquid
369 559 415 622 rei
437 565 606 641 gereretur,
638 557 782 640 cognosci
811 563 926 641 posset.
971 563 1038 621 tum
1060 578 1135 622 voro
1158 558 1293 623 clamore

263 661 304 724 ab
337 679 375 724 ea
407 666 497 744 parte
529 659 636 724 audito
669 659 767 724 nostri
800 659 1021 742 redintegratis
1050 659 1178 741 viribus,
1209 660 1293 743 quod

263 763 445 845 plerumque
478 763 512 826 in
546 782 602 846 spe
634 761 784 826 victoriae
816 761 960 826 accidere
990 763 1161 843 consuerit,
1190 763 1293 828 acrius

230 865 450 948 simpugnare
477 869 655 947 coeperunt.
700 863 806 928 hostes
834 863 974 947 undique
1005 864 1209 950 circumventi
1242 864 1293 929 de-

264 967 397 1051 speratis
417 967 562 1031 omnibus
583 965 678 1032 rebus
700 986 734 1031 se
748 967 1009 1050 permunitiones
1024 966 1148 1032 deicere
1163 973 1195 1032 et
1216 967 1294 1050 luga

230 1071 397 1136 ssalutem
419 1077 527 1154 petere
548 1068 759 1134 intenderunt.
805 1088 883 1150 quos
905 1069 1061 1152 equitatus
1087 1069 1293 1153 apertissimis

265 1172 384 1255 campis
406 1177 603 1236 consectatus
626 1190 667 1235 ex
683 1170 802 1234 milium
824 1171 851 1235 L
872 1190 1012 1252 numero,
1035 1191 1116 1254 quae
1139 1191 1180 1236 ex
1198 1173 1293 1254 Aqui·

264 1273 352 1337 tania
372 1274 601 1355 Cantabrisque
616 1273 801 1338 convenisse
817 1275 990 1354 constabat,
1006 1273 1062 1338 vix
1078 1280 1190 1356 quarta
1203 1280 1293 1359 parto

264 1375 374 1440 relicta
394 1377 493 1440 multa
515 1381 607 1440 nocte
629 1395 663 1440 se
685 1376 719 1439 in
742 1381 844 1440 castra
865 1376 992 1459 recepit.

232 1500 245 1545 1
368 1479 502 1544 XXVII.
547 1480 616 1543 Hac
637 1476 746 1542 audita
774 1497 882 1561 pugna
903 1479 1043 1542 maxima
1070 1499 1144 1563 pars
1166 1477 1293 1563 Aquita

264 1582 337 1648 niae
359 1601 429 1646 sese
453 1581 564 1647 Crasso
587 1579 708 1645 dedidit
730 1579 918 1663 obsidesque
940 1581 1020 1646 ultro
1042 1582 1140 1668 misit3
1172 1603 1233 1665 quo
1259 1583 1293 1648 in

204 1700 205 1705 ’
264 1705 394 1750 numero
423 1683 550 1748 fuerunt
578 1683 725 1764 Tarbelli,
755 1682 963 1766 Bigerriones‚
992 1683 1118 1765 Ptianii,
1148 1685 1292 1767 Vocates‚

264 1789 442 1867 Tarusates,
472 1787 625 1866 Elusates,
657 1784 763 1866 (lates,
792 1785 898 1866 Ausci,
929 1786 1089 1868 Garumni,
1120 1787 1292 1868 Sibuzates,

231 1891 447 1974 aOocosates3
477 1907 598 1972 paucae
626 1887 755 1952 ultimae
783 1887 928 1954 nationes
957 1889 1033 1952 anni
1061 1895 1202 1974 tempore
1224 1910 1293 1956 con-

264 1993 352 2074 fisae,
376 1990 459 2074 quod
481 1991 583 2056 hiems
605 1991 742 2071 suberat,
765 1989 825 2054 hoc
846 1990 950 2056 facere
973 1992 1191 2074 neglexerunt.

234 2116 245 2162 1
368 2094 519 2158 XXVHI.
563 2091 683 2156 Eodem
705 2092 772 2156 lere
793 2098 933 2176 tempore
956 2095 1082 2175 Caesar,
1110 2095 1169 2159 etsi
1196 2115 1295 2179 prope

267 2201 381 2261 exacta
401 2196 465 2258 iam
486 2200 592 2260 aestas
615 2201 691 2275 erat,
713 2200 830 2276 tamen,
854 2195 937 2278 quod
959 2197 1044 2261 omni
1059 2196 1160 2262 Gallia
1181 2205 1295 2281 pacata

265 2297 378 2363 Morini
400 2297 601 2381 Menapiique
623 2303 814 2381 supererant,
839 2297 892 2380 qui
913 2299 947 2362 iu
962 2299 1057 2364 armis
1072 2306 1177 2364 essent
1192 2320 1295 2382 neque

265 2400 307 2465 ad
329 2420 401 2465 eum
423 2419 572 2482 umquam
593 2400 715 2484 legatos
729 2399 770 2464 de
783 2419 862 2484 pace
881 2401 1048 2482 misissent,
1071 2402 1239 2468 arbitratus
1261 2397 1301 2466 id

265 2503 382 2569 bellum
404 2503 546 2568 celeriter
568 2502 679 2568 confici
700 2522 793 2586 posse
815 2522 853 2568 eo
876 2503 1048 2568 exercitum
1070 2503 1212 2568 adduxit.
1242 2505 1295 2587 qui

219 2657 220 2660 ,
265 2607 359 2690 lorge
385 2605 449 2670 alia
474 2605 595 2670 ratione
621 2625 660 2669 ac
680 2605 792 2688 reliqui
815 2604 897 2671 Galli
918 2605 1034 2670 bellum
1055 2626 1165 2689 gerere
1188 2626 1295 2690 coepe-

233 2714 346 2774 arunt.
392 2729 467 2773 nam
494 2707 578 2790 qnod
603 2707 829 2790 intellegebant
855 2707 1011 2772 maximas
1036 2709 1190 2790 nationes,
1214 2729 1295 2792 quae

186 2873 188 2878 ,
267 2811 383 2894 proelio
417 2810 661 2891 contendissent,
690 2810 797 2893 pulsas
830 2815 1054 2893 superatasque
1087 2829 1165 2892 esse,
1201 2813 1296 2877 conti·

266 2918 440 2994 nentesque
470 2913 565 2977 silvas
594 2933 632 2976 ac
661 2911 793 2995 paludes
821 2911 993 2994 habebant,
1039 2933 1075 2978 eo
1109 2933 1144 2978 se
1177 2933 1295 2996 suaque

232 3015 372 3082 somnia
406 3014 629 3079 contulerunt,
655 3013 698 3078 ad
727 3035 858 3097 quarum
890 3015 1014 3079 initium
1047 3016 1195 3082 silvarum
1225 3037 1294 3082 cum

268 3117 383 3182 (laesar
418 3117 614 3200 pervenisset
652 3122 816 3198 castraque
855 3117 977 3182 munire
1017 3117 1204 3184 instituisset
1244 3139 1290 3184 no

267 3238 327 3300 que
356 3219 455 3283 hostis
483 3219 609 3284 interim
641 3219 728 3284 visus
758 3221 849 3300 esset,
880 3204 1091 3302 dispersis‘in
1121 3241 1214 3304 opere
1244 3243 1295 3286 no

267 3321 338 3386 stris
367 3321 469 3386 subito
499 3341 540 3386 ex
569 3322 713 3388 omnibus
741 3321 884 3405 partibus
913 3322 1011 3387 silvae
1039 3323 1242 3388 evolaverunt
1264 3331 1296 3390 et

171 3465 172 3468 =
233 3424 300 3490 rin
329 3429 451 3489 nostros
479 3424 630 3508 impetum
659 3424 809 3488 fecerunt.
854 3424 953 3488 nostri
976 3425 1117 3490 celeriter
1138 3446 1226 3492 arma
1249 3448 1296 3493 ce-

266 3532 379 3610 perunt
402 3545 518 3609 eosque
538 3527 572 3590 in
594 3527 690 3592 silvas
708 3526 910 3610 reppulerunt
933 3533 964 3591 et
979 3529 1189 3612 compluribus
1203 3531 1296 3595 inter-

266 3628 357 3694 fectis
382 3629 506 3712 longius
533 3628 781 3712 impeditioribus
806 3629 882 3693 locis
904 3629 1003 3693 secuti
1025 3649 1141 3712 paucos
1168 3651 1209 3694 ex
1231 3633 1296 3698 suis

267 3730 518 3813 deperdiderunt.
