2966 4196
293 205 355 270 166
625 221 675 274 DE
692 221 808 277 BELLO
827 221 989 276 GALLICO

290 415 364 460 men
387 414 441 461 eos
455 392 637 460 retinendos
652 414 715 460 non
731 394 901 476 constituit,
921 414 962 460 ne
977 400 1032 459 aut
1050 393 1167 461 inferre
1182 394 1328 462 iniuriam

255 517 272 565 e
291 497 450 562 videretur
471 502 527 563 aut
549 496 624 561 dare
647 496 767 562 timoris
796 497 935 581 aliquam
965 496 1185 582 suspicionem.
1231 497 1329 564 disee

291 599 438 665 dentibus
467 599 518 666 his
547 599 686 665 breviter
716 619 774 664 sua
801 599 836 664 in
866 600 994 666 Aeduos
1027 599 1141 666 merita
1167 601 1329 685 exposuit;

256 723 369 786 equos
392 709 424 767 et
446 723 541 820 quam
562 702 697 768 humiles
719 703 903 786 accepisset,
932 703 1147 787 compulsos
1137 725 1171 768 1n
1201 705 1327 789 oppida,

266 806 437 871 multatos
451 805 546 890 agris,
570 805 715 870 omnibus
735 805 850 889 ereptis
865 806 973 890 copiis,
997 805 1143 890 imposito
1159 806 1328 924 stipendio,

289 907 452 975 obsidibus
475 927 599 974 summa
620 928 692 973 cum
714 908 905 973 contumelia
934 909 1076 994 extortis,
1106 915 1139 974 et
1169 929 1264 992 quam
1293 909 1328 974 in

289 1011 447 1077 fortunam
471 1030 628 1093 quamque
649 1011 683 1075 in
706 1009 947 1095 amplitudinem
974 1011 1168 1097 deduxisset,
1198 1018 1234 1077 ut
1263 1033 1327 1078 non

289 1115 390 1180 solum
421 1115 455 1178 in
484 1114 651 1197 pristinum
683 1120 799 1177 statum
822 1113 987 1196 redissent,
1010 1114 1068 1181 sed
1089 1114 1231 1180 omnium
1253 1121 1327 1179 tem·

290 1236 401 1300 porum
424 1215 612 1299 dignitatem
636 1223 668 1280 et
688 1217 823 1300 gratiam
838 1217 1048 1283 antecessisse
1062 1216 1254 1283 viderentur.
1278 1216 1328 1283 his

291 1319 374 1384 datis
396 1318 555 1384 mandatis
579 1338 632 1384 eos
654 1319 695 1383 ab
719 1338 753 1384 se
776 1319 904 1385 dimisit.

257 1444 270 1490 1
392 1422 457 1487 LV.
481 1422 704 1488 Noviodunum
727 1429 795 1487 erat
816 1423 968 1508 oppidum
983 1423 1164 1490 Aeduorum
1185 1423 1228 1489 ad
1242 1424 1328 1508 ripas

255 1524 413 1610 aLigeris
435 1532 610 1610 opportuno
632 1526 700 1591 loco
722 1526 868 1610 positum.
914 1527 976 1592 bne
998 1526 1116 1593 Caesar
1144 1546 1254 1593 omnes
1275 1527 1328 1591 ob

289 1628 374 1694 sides
404 1628 535 1710 Galliae,
569 1629 770 1714 frumentum,
805 1630 972 1714 pecuniam
1001 1629 1171 1714 publicam,
1202 1649 1327 1696 suorum

288 1738 384 1814 atque
414 1733 571 1797 exereitus
600 1731 896 1817 impedimentorum
926 1719 1087 1818 magnum⁴
1105 1738 1227 1818 partem
1257 1753 1328 1798 con·
1415 1808 1417 1812 ,

254 1855 270 1903 a
289 1835 418 1919 tulerat,
441 1834 503 1900 huc
521 1855 672 1920 magnum
687 1855 852 1901 numerum
868 1855 1018 1919 equorum
1032 1835 1126 1902 huius
1141 1835 1217 1902 belli
1231 1854 1329 1901 eausa

254 1937 322 2006 tin
353 1937 445 2002 Italia
477 1943 573 2020 atque
602 1939 758 2023 Hispania
791 1945 970 2024 coemptum
1003 1939 1140 2006 miserat.
1187 1958 1224 2006 eo
1254 1959 1325 2004 cum

287 2039 483 2125 Eporedorix
506 2040 784 2125 Viridomarusque
806 2042 971 2108 venissent
993 2048 1026 2108 et
1048 2042 1089 2109 de
1111 2048 1196 2108 statu
1219 2041 1327 2108 civita-

288 2145 329 2208 tis
359 2143 590 2226 cognovissent,
621 2145 817 2210 Litaviccum
839 2145 980 2211 Bibracti
1009 2145 1050 2211 ab
1073 2145 1194 2211 Aeduis
1220 2164 1327 2229 recep·

288 2251 365 2329 tum,
389 2245 472 2327 quod
495 2251 544 2310 est
565 2247 716 2331 oppidum
739 2248 824 2332 apud
852 2269 906 2314 eos
934 2249 1094 2315 maximae
1120 2248 1326 2332 auctoritatis,

289 2347 563 2415 Convictolitavim
585 2351 804 2433 magistratum
826 2371 1039 2437 magnamque
1060 2358 1183 2437 partem
1198 2357 1328 2418 senatus

287 2449 330 2515 ad
353 2470 424 2514 eum
448 2452 644 2534 convenisse,
667 2453 788 2538 legatos
810 2453 852 2520 ad
868 2455 1160 2543 Vercingetorigem
1183 2454 1224 2521 de
1246 2474 1327 2539 paee

289 2559 321 2620 et
342 2553 482 2619 amicitia
504 2555 702 2621 concilianda
730 2558 857 2642 publice
886 2558 1008 2640 missos,
1039 2579 1103 2624 non
1132 2557 1327 2643 praetermit-

253 2655 419 2726 stendum
442 2664 566 2723 tantum
588 2659 786 2725 commodum
806 2661 1077 2730 existimaverunt.
1111 2660 1219 2744 itaque
1233 2661 1327 2726 inter·

287 2760 379 2826 fectis
401 2760 582 2826 Novioduni
605 2761 795 2848 custodibus,
820 2763 936 2847 quique
958 2784 996 2830 eo
1022 2763 1208 2849 negotiandi
1230 2783 1327 2829 eausa
1416 2811 1420 2824 .

288 2870 512 2948 convenerant,
535 2865 703 2949 pecuniam
717 2872 814 2949 atque
836 2886 934 2950 equos
951 2866 1035 2932 inter
1056 2886 1092 2932 se
1113 2865 1222 2952 partiti
1237 2873 1326 2952 sunt;

254 2965 415 3036 cobsides
437 2966 600 3032 civitatum
626 2968 774 3034 Bibracte
803 2969 845 3034 ad
874 2969 1094 3054 magistratum
1123 2968 1328 3036 deducendos

255 3075 491 3155 veuraverunt;
514 3070 675 3155 oppidum,
698 3072 783 3154 quod
804 3093 825 3138 a
846 3093 881 3139 se
903 3072 1004 3138 teneri
1033 3093 1097 3138 non
1126 3091 1220 3157 posse
1248 3071 1328 3138 iudi·
1390 3120 1393 3134 2

254 3173 414 3253 scebant,
436 3173 544 3237 necui
567 3179 650 3238 esset
664 3173 734 3240 usui
749 3175 909 3260 Romanis,
932 3174 1154 3260 incenderunt,
1177 3173 1328 3240 frumenti

289 3272 372 3356 quod
394 3275 498 3341 subito
520 3281 698 3360 potuerunt,
721 3277 857 3344 navibus
878 3284 1064 3362 avexerunt,
1094 3277 1250 3360 reliquum
1271 3276 1328 3344 flu·

255 3376 374 3445 smine
395 3383 491 3461 atque
513 3378 660 3445 incendio
683 3388 895 3465 corruperunt.
917 3380 979 3465 ipsi
1002 3400 1043 3446 ex
1065 3379 1207 3446 finitimis
1228 3380 1328 3465 regie

288 3479 382 3546 nibus
416 3480 522 3566 copias
556 3501 683 3566 cogere,
716 3483 875 3568 praesidia
908 3482 1129 3567 custodiasque
1165 3483 1207 3548 ad
1240 3483 1328 3569 ripas

288 3581 411 3666 Ligeris
434 3583 600 3668 disponere
627 3585 865 3669 equitatumque
894 3587 1040 3654 omnibus
1069 3585 1146 3653 locis
1175 3585 1326 3652 iniciendi

175 3697 178 3702 ·
288 3684 409 3751 timoris
431 3705 528 3752 causa
549 3692 708 3752 ostentare
732 3695 911 3774 coeperunt,
942 3689 970 3755 si
998 3689 1039 3754 ab
1062 3709 1097 3754 re
1119 3689 1328 3756 frumentaria

289 3787 447 3852 Romanos
476 3787 645 3854 excludere
675 3796 707 3855 et
736 3789 889 3857 adductos
922 3791 1030 3876 inopia
1062 3792 1096 3857 in
1129 3792 1325 3877 provinciam
