2936 4192
272 257 310 320 18
606 270 654 324 DE
672 267 787 324 BELLO
805 267 968 324 GALLIOO

268 465 393 512 omnem
414 443 622 528 nobilitatem,
650 462 774 509 omnem
798 447 951 525 senatum,
971 441 1105 506 'omnem
1129 441 1302 523 equitatum

235 547 420 616 remisisse.
460 548 573 631 quibus
591 546 718 633 proeliis
738 545 1032 628 calamitatibusque
1051 544 1175 630 1116100,
1200 547 1252 628 qui
1273 553 1304 611 et

268 673 325 718 sua
344 651 459 716 virtute
479 657 510 716 et
529 650 638 735 populi
652 649 786 715 Romani
807 648 942 733 bospitio
961 655 1057 742 atque
1077 648 1216 714 amicitia
1238 651 1303 733 plu-

267 756 379 820 rimum
406 761 480 820 ante
507 753 540 818 in
563 753 666 819 Gallia
692 753 876 837 potuissent,
905 758 1028 817 coactos
1055 771 1125 817 esse
1148 753 1303 835 Sequanis

268 858 393 924 obsides
409 857 484 924 dare
498 857 710 922 nobilissimos
729 855 866 921 civitatis
882 861 913 920 et
927 855 1127 920 iureiurando
1143 856 1301 920 civitatem

268 961 472 1046 obstringere,
500 980 570 1026 sese
596 979 700 1043 neque
726 957 852 1025 obsides
879 959 1065 1043 repetituros
1091 978 1195 1041 neque
1217 961 1300 1023 auxi-

268 1065 344 1129 lium
371 1085 391 1130 a
418 1063 534 1150 populo
555 1064 697 1129 Romano
724 1061 941 1146 imploraturos
968 1082 1069 1145 neque
1096 1069 1301 1146 recusaturos,

269 1187 329 1249 quo
356 1167 460 1233 minus
487 1173 638 1252 perpetuo
665 1167 723 1231 sub
750 1166 872 1232 illorum
900 1165 1023 1231 dicione
1050 1172 1144 1248 atque
1172 1166 1302 1250 imperio

235 1277 383 1338 sessent.
430 1291 525 1335 unum
548 1289 583 1336 se
610 1289 679 1335 6000
706 1269 854 1335 exomni
883 1269 1009 1334 civitate
1031 1269 1221 1354 Aeduorum,
1250 1270 1301 1352 qui

268 1372 382 1438 adduci
404 1394 467 1439 non
489 1374 633 1458 potuerit,
661 1379 696 1438 nt
717 1374 833 1438 iuraret
859 1379 913 1436 aut
935 1372 1050 1438 liberos
1077 1392 1150 1438 suos
1177 1373 1302 1438 obsides

235 1497 250 1544 s
269 1476 366 1542 daret.
405 1477 445 1543 ob
469 1497 538 1542 carn
561 1498 627 1542 rem
649 1497 684 1542 se
707 1497 747 1542 ex
771 1477 897 1541 civitate
919 1476 1096 1560 profugisse
1119 1483 1150 1542 et
1170 1478 1300 1542 Romam

269 1579 310 1644 ad
322 1586 465 1646 senatum
477 1581 602 1646 venisse
617 1581 768 1646 auxilium
783 1581 983 1664 postulatum,
1000 1579 1082 1663 quod
1099 1581 1184 1645 solus
1200 1601 1301 1663 neque

220 1703 250 1750 ro
268 1683 468 1749 iureiurando
492 1704 594 1766 neque
620 1683 782 1749 obsidibus
804 1689 970 1748 teneretur.
1017 1683 1073 1749 sed
1096 1685 1186 1768 peius
1208 1685 1299 1750 victo-

268 1787 354 1852 ribus
381 1787 536 1870 Sequanis
563 1807 657 1871 quarn
683 1787 802 1853 Aeduis
829 1787 920 1852 victis
947 1787 1106 1869 accidisse,
1135 1794 1300 1871 propterea

268 1889 352 1972 quod
365 1891 549 1974 Ariovistus,
573 1911 628 1955 rex
650 1890 885 1972 Germanorum,
909 1889 941 1953 in
965 1909 1071 1954 eorum
1094 1889 1210 1955 finibus
1233 1911 1299 1955 con-

268 1991 401 2058 sedisset
423 1993 608 2075 tertiamque
631 1999 752 2077 partem
774 1993 842 2076 agri
865 1993 1012 2076 Sequani,
1042 1993 1094 2076 qui
1121 1999 1203 2058 esset
1225 1994 1299 2078 opti·
1400 1997 1403 2002 '

268 2115 338 2160 mus
360 2097 454 2160 totius
474 2095 605 2178 Galliae,
628 2096 845 2180 occupavisset
868 2101 900 2159 et
921 2115 1005 2160 nunc
1028 2095 1068 2160 de
1091 2097 1190 2161 altera
1211 2103 1300 2180 parte

269 2198 359 2262 tertia
382 2198 543 2280 Sequanos
566 2197 718 2262 decedere
741 2197 870 2282 iuberet,
899 2205 1065 2282 propterea
1088 2199 1170 2283 quod
1192 2201 1300 2285 paucis

268 2302 429 2366 mensibus
455 2306 530 2366 ante
552 2301 714 2366 Harudum
742 2302 828 2365 milia
850 2301 1010 2366 hominum
1033 2303 1141 2367 XXIV
1164 2303 1206 2368 ad
1229 2325 1298 2368 eum

220 2426 248 2472 11
269 2405 444 2489 venissent,
477 2403 589 2487 quibus
616 2405 701 2470 locus
731 2425 768 2470 ac
798 2405 889 2470 sedes
919 2412 1111 2489 pararentur.
1162 2405 1299 2472 futurum

189 2555 193 2562 -
268 2528 337 2574 esse
364 2507 473 2592 paucis
499 2508 600 2591 annis,
632 2509 677 2574 uti
707 2529 816 2574 omnes
848 2529 888 2573 611
916 2509 1037 2574 Galliae
1064 2509 1180 2574 finibus
1206 2511 1300 2594 pelle-

267 2617 373 2676 rentur
395 2619 624 2695 atqueomnes
648 2611 796 2678 Germani
817 2612 961 2678 Rhenum
989 2613 1169 2678 transirent:
1198 2634 1299 2696 neque

268 2716 351 2782 enim
375 2713 598 2780 conferendum
622 2736 690 2780 esse
707 2715 860 2781 Gallicum
881 2735 950 2781 cum
967 2716 1193 2781 Germanorum
1213 2737 1297 2801 agro,

267 2838 369 2901 neque
385 2818 467 2882 hanc
487 2818 744 2884 consuetudinem
760 2819 861 2884 victus
881 2839 951 2884 cum
971 2820 1025 2884 illa
1045 2819 1297 2904 comparandam.

219 2943 248 2990 ra
267 2921 458 2986 Ariovistum
478 2927 592 3005 autem,
615 2929 648 2986 ut
668 2923 765 2987 semel
781 2922 939 2987 Gallorum
956 2923 1061 3006 copias
1076 2923 1195 3007 vicerit,
1217 2923 1299 3006 quod

266 3025 417 3109 proelium
439 3023 557 3088 facturn
580 3025 620 3090 sit
642 3024 683 3089 ad
698 3025 956 3110 Magetcbrigam,
980 3026 1115 3110 superbe
1139 3032 1169 3090 et
1193 3025 1298 3091 crude-

266 3129 336 3194 liter
350 3128 513 3212 imperare,
534 3127 660 3193 obsides
675 3129 860 3194 nobilissimi
876 3130 1024 3212 cuiusque
1040 3129 1154 3195 liberos
1169 3150 1298 3214 poscere

266 3237 298 3297 61
319 3231 352 3296 11
375 3251 428 3297 eos
450 3231 556 3298 omnia
578 3233 725 3316 exempla
748 3233 963 3316 cruciatusque
987 3232 1091 3317 edere,
1115 3233 1141 3298 si
1165 3255 1227 3317 qua
1249 3255 1298 3298 res

219 3355 329 3404 13101
351 3333 393 3400 ad
415 3341 524 3400 nutum
547 3335 664 3400 autad
688 3337 880 3402 voluntatem
908 3337 974 3402 eius
996 3337 1081 3402 facta
1107 3337 1156 3402 sit.
1202 3337 1298 3402 bomi-

184 3467 185 3471 ’
266 3459 338 3505 nem
361 3459 430 3504 esse
452 3439 629 3530 barbarum,
657 3439 850 3522 iracundum,
879 3441 1091 3504 temerarium:
1119 3461 1182 3505 non
1205 3461 1297 3524 posse

219 3544 333 3611 116110
365 3542 497 3628 imperia
531 3542 646 3608 diutius
680 3543 834 3608 sustineri.
892 3544 952 3608 nisi
986 3542 1061 3626 quid
1094 3543 1127 3607 in
1163 3543 1297 3608 Caesare

265 3647 442 3732 populoque
463 3645 604 3710 Romano
628 3647 668 3711 sit
690 3645 808 3728 auxilii,
832 3647 976 3712 omnibus
1000 3646 1098 3712 Gallis
1120 3645 1203 3711 idem
1228 3664 1296 3711 6000

267 3749 458 3832 faciendum,
489 3749 572 3832 quod
602 3749 739 3814 Helvetii
769 3747 912 3831 fecerint,
943 3757 978 3815 11
1008 3749 1099 3815 domo
1131 3750 1293 3833 emigrent,

267 3851 351 3918 aliud
366 3852 564 3936 domicilium,
585 3853 664 3918 alias
683 3851 783 3934 sedes,
804 3858 938 3919 remotas
958 3853 1165 3938 aGermanis,
1186 3860 1295 3938 petant
