2936 4192
515 245 619 302 comm
637 249 661 302 1.
679 249 763 304 oAP.
779 249 895 306 ll-VI.
1195 238 1226 300 3Δ

195 421 359 503 plurimum
374 419 510 485 Helvetii
524 425 666 501 possent;
687 439 721 484 se
740 420 804 484 suis
824 421 921 504 oopiis
941 440 1058 503 suoque
1077 421 1215 487 exereitu

195 523 254 585 illis
275 542 373 604 regna
395 522 628 586 oonoiliaturum
650 521 819 586 confirmat.
857 523 918 587 hae
936 525 1075 588 oratione
1088 523 1251 590 adduotir

194 625 274 688 inter
292 643 326 688 se
341 623 434 686 fidem
455 631 486 687 et
505 623 718 687 iusiurandum
733 623 809 687 dant
829 632 860 688 et
878 614 975 707 regno
995 631 1145 709 oooupato
1159 643 1216 706 per

195 734 256 789 tres
282 725 514 807 potentissimos
540 743 578 788 ae
603 724 796 789 firmissimos
822 726 952 808 populos
978 727 1073 790 totius
1096 727 1216 790 Galliae

195 845 263 892 rese
285 827 376 910 potiri
399 845 491 908 posse
513 834 648 908 sperant.

294 927 349 992 IV.
372 927 419 991 Ea
447 947 498 992 res
526 934 574 992 est
599 929 752 993 Helvetiis
781 949 839 1011 per
867 929 1247 1008 indioium,enuntiata.r

193 1030 329 1107 moribus
351 1029 415 1093 suis
438 1029 653 1111 Orgetorigem
675 1049 716 1094 ex
738 1031 871 1095 vineolis
894 1051 1019 1094 oausam
1042 1030 1146 1095 dieere
1168 1049 1214 1095 eo-

194 1137 333 1212 egerunt.
385 1129 566 1194 damnatum
595 1150 741 1212 poenam·
761 1131 850 1212 sequi
879 1133 1055 1215 oportebat,
1085 1139 1120 1196 ut
1148 1133 1215 1214 igni

194 1240 389 1296 eremaretur.
427 1231 478 1295 die
501 1232 668 1295 constituta
690 1251 803 1296 eausae
825 1231 969 1297 dietionis
988 1233 1154 1316 Orgetorix
1173 1233 1248 1301 ads

192 1333 340 1399 iudioium
364 1352 487 1396 omnem
513 1351 601 1396 suam
623 1333 782 1413 familiam,
811 1333 853 1396 ad
874 1333 1035 1398 hominum
1056 1335 1143 1398 milia
1164 1334 1215 1398 de-

194 1455 270 1515 oem,
289 1433 427 1515 undique
446 1434 548 1516 coegit
567 1441 598 1497 et
616 1453 724 1498 omnes
745 1435 873 1498 elientes
893 1435 1117 1516 obaeratosque
1132 1455 1214 1515 suos,

193 1557 323 1618 quorum
336 1555 486 1618 magnum
500 1555 663 1598 numerum
678 1535 824 1618 habehat,
845 1535 956 1600 eodem
976 1535 1138 1620 oonduxit;
1158 1557 1215 1620 per

194 1658 256 1719 eos,
278 1657 320 1701 ne
341 1657 467 1701 eausam
489 1636 615 1719 diceret,
639 1655 673 1701 se
696 1637 816 1718 eripuit.
856 1657 926 1700 eum
949 1638 1121 1702 eivitasob
1144 1658 1247 1705 eume

194 1759 260 1804 rem
280 1739 409 1802 inoitata
429 1738 523 1801 armis
544 1738 593 1802 ius
615 1757 705 1802 suum
728 1739 859 1818 exsequi
881 1745 1053 1820 conaretur,
1080 1740 1214 1804 multitu-

195 1840 360 1922 dinemque
385 1838 545 1902 hominum
571 1857 612 1901 ex
638 1839 722 1920 agris
743 1839 943 1920 magistratus
970 1847 1129 1920 eogerent,
1161 1839 1214 1905 Or-

194 1943 316 2023 getorix
342 1947 480 2004 mortuus
507 1939 568 2022 est;
599 1959 701 2021 neque
727 1940 817 2004 abest
843 1941 986 2022 suspitio,
1017 1947 1051 2004 ut
1077 1941 1247 2010 Helvetiis

193 2043 390 2123 arbitrantur,
413 2043 487 2122 quin
508 2042 577 2124 ipse
599 2041 659 2106 sibi
680 2048 811 2105 mortem
833 2043 1026 2106 eonseiverit.

295 2145 332 2208 V.
355 2145 430 2207 Post
452 2143 518 2206 eius
533 2150 663 2206 mortem
678 2143 774 2207 nihilo
790 2144 892 2208 minus
907 2145 1043 2208 Helvetii
1064 2144 1107 2228 id,
1130 2145 1213 2226 quod
1233 2167 1246 2214 1

193 2247 426 2326 constituerant,
452 2245 557 2308 faeere
579 2251 737 2327 sonantur,
765 2252 799 2309 ut
822 2264 840 2308 e
860 2244 975 2310 finibus
1002 2248 1065 2310 suis
1088 2255 1211 2311 exeant.

193 2350 247 2413 uhi
268 2350 331 2412 iam
352 2365 387 2412 se
409 2346 450 2410 ad
473 2366 542 2410 eam
563 2366 629 2434 rem
651 2354 776 2429 paratos
798 2366 868 2411 esse
889 2349 1029 2411 arbitrati
1052 2357 1133 2430 sunt,
1161 2369 1246 2432 ope

193 2450 269 2533 pida
289 2469 347 2513 sua
365 2449 478 2528 omnia,
501 2467 629 2511 numero
649 2447 690 2511 ad
709 2448 882 2529 duodecim,
905 2450 990 2513 vioos
1009 2449 1052 2513 ad
1070 2451 1213 2532 quadrin-
1231 2471 1246 2518 3

193 2559 318 2633 gentos,
347 2550 467 2630 rehqua
491 2551 614 2632 privata
640 2549 782 2614 aedificia
808 2550 994 2634 incendunt,
1024 2551 1213 2616 frumentum

193 2673 298 2734 omne,
328 2659 545 2736 praeterquam
575 2651 658 2733 quod
687 2671 793 2716 seeum
821 2653 972 2734 portaturi
1001 2661 1104 2733 erant,
1135 2673 1213 2716 oom-

193 2757 317 2838 burunt,
347 2760 382 2816 ut
407 2753 532 2817 domum
557 2753 717 2818 reditionis
745 2773 801 2836 spe
827 2754 951 2817 sublata
976 2754 1146 2836 paratiores
1172 2754 1213 2817 ad

193 2857 299 2921 omnia
322 2856 462 2940 perieula
487 2855 649 2920 subeunda
675 2862 789 2934 essent,
819 2855 912 2918 tn'um
938 2874 1081 2918 mensum
1107 2856 1214 2919 molita

193 2959 311 3022 oiban‘a
339 2957 398 3022 sihi
425 2977 578 3038 quemque
603 2957 694 3019 domo
725 2958 834 3020 eri’erre
860 2956 978 3019 iubent.
1023 2957 1247 3040 persuadentt

193 3061 334 3124 Raurieis
353 3065 385 3123 et
399 3059 540 3139 Tulingis
560 3065 591 3122 et
610 3058 766 3122 Latovieis
785 3057 925 3121 finitimis
945 3059 1019 3138 suis,
1039 3059 1084 3122 uti
1104 3059 1212 3121 eodem

193 3163 242 3225 usi
272 3161 400 3226 eonsilio
427 3159 550 3243 oppidis
576 3160 641 3223 suis
666 3160 805 3240 vicisque
835 3161 955 3224 exustis
983 3179 1047 3222 una
1076 3179 1146 3223 eum
1174 3161 1213 3223 iis

193 3263 435 3345 profieisoantur,
455 3262 619 3342 Boiosque,
640 3262 692 3342 qui
707 3268 793 3324 trans
809 3261 952 3324 Rhenum
971 3262 1163 3325 incoluerant
1182 3270 1214 3326 et

193 3366 226 3427 in
248 3385 358 3446 agrum
376 3364 523 3428 Norioum
545 3364 732 3427 transierant
754 3363 963 3443 Noreiamque
985 3371 1212 3448 oppugnarent,

193 3473 334 3550 reoeptos
357 3465 397 3529 ad
419 3483 454 3529 se
476 3466 575 3530 sooios
598 3465 657 3528 sibi
679 3465 844 3529 asoiseunt.

295 3568 348 3632 VI.
378 3567 476 3631 Erant
505 3568 629 3630 omnino
660 3567 773 3630 itinera
801 3565 876 3647 duo,
911 3567 1023 3647 quihus
1051 3567 1246 3638 itineribusr

194 3669 285 3732 domo
308 3669 394 3732 exire
420 3675 562 3750 possent:
589 3688 685 3732 unum
711 3686 768 3751 per
790 3667 960 3749 Sequanos,
987 3676 1155 3750 angustum
1182 3679 1213 3733 ot

193 3770 330 3855 diffieile,
357 3771 438 3834 inter
459 3777 596 3834 montem
618 3771 722 3833 Iuram
744 3775 776 3833 et
796 3767 912 3832 flumen
934 3769 1130 3852 Rhodanum,
1156 3771 1221 3834 vix·

315 3893 320 3903 .
1029 3870 1059 3917 μ
