<?xml version="1.0" encoding="UTF-8"?>
<!DOCTYPE html PUBLIC "-//W3C//DTD XHTML 1.0 Transitional//EN"
    "http://www.w3.org/TR/xhtml1/DTD/xhtml1-transitional.dtd">
<html xmlns="http://www.w3.org/1999/xhtml" xml:lang="en" lang="en">
 <head>
  <title>
</title>
<meta http-equiv="Content-Type" content="text/html;charset=utf-8" />
  <meta name='ocr-system' content='tesseract 3.04.00' />
  <meta name='ocr-capabilities' content='ocr_page ocr_carea ocr_par ocr_line ocrx_word'/>
</head>
<body>
  <div class='ocr_page' id='page_1' title='image "./commentariidebe00pramgoog_0158.png"; bbox 0 0 2966 4196; ppageno 0'>
   <div class='ocr_carea' id='block_1_1' title="bbox 466 235 1245 349">
    <p class='ocr_par' dir='ltr' id='par_1_1' title="bbox 466 235 1245 349">
     <span class='ocr_line' id='line_1_1' title="bbox 466 235 1245 349; baseline -0.009 -20"><span class='ocrx_word' id='word_1_1' title='bbox 466 273 652 329; x_wconf 85' lang='lat' dir='ltr'>oonuvn.</span> <span class='ocrx_word' id='word_1_2' title='bbox 671 272 908 328; x_wconf 80' lang='lat' dir='ltr'>onnrx-xn.</span> <span class='ocrx_word' id='word_1_3' title='bbox 944 341 945 349; x_wconf 11' lang='grc' dir='ltr'><strong><em>Ν</em></strong></span> <span class='ocrx_word' id='word_1_4' title='bbox 1103 235 1109 248; x_wconf 83' lang='grc'><strong>’</strong></span> <span class='ocrx_word' id='word_1_5' title='bbox 1145 257 1205 320; x_wconf 84' lang='grc'>143</span> <span class='ocrx_word' id='word_1_6' title='bbox 1243 320 1245 322; x_wconf 82' lang='grc'><strong>,</strong></span> 
     </span>
    </p>
   </div>
   <div class='ocr_carea' id='block_1_2' title="bbox 171 445 1241 3811">
    <p class='ocr_par' dir='ltr' id='par_1_2' title="bbox 171 445 1240 2377">
     <span class='ocr_line' id='line_1_2' title="bbox 171 445 1207 531; baseline -0.007 -15"><span class='ocrx_word' id='word_1_7' title='bbox 171 449 209 516; x_wconf 92' lang='lat' dir='ltr'>C.</span> <span class='ocrx_word' id='word_1_8' title='bbox 222 445 413 513; x_wconf 85' lang='lat' dir='ltr'>Trebonium</span> <span class='ocrx_word' id='word_1_9' title='bbox 428 447 568 530; x_wconf 89' lang='lat' dir='ltr'>legatum</span> <span class='ocrx_word' id='word_1_10' title='bbox 582 447 740 529; x_wconf 79' lang='lat' dir='ltr'>relinquit,</span> <span class='ocrx_word' id='word_1_11' title='bbox 756 447 825 530; x_wconf 89' lang='lat' dir='ltr'>ipse</span> <span class='ocrx_word' id='word_1_12' title='bbox 839 452 874 511; x_wconf 91' lang='lat' dir='ltr'>ut</span> <span class='ocrx_word' id='word_1_13' title='bbox 889 466 983 528; x_wconf 90' lang='lat' dir='ltr'>quam</span> <span class='ocrx_word' id='word_1_14' title='bbox 998 446 1133 531; x_wconf 92' lang='lat' dir='ltr'>primum</span> <span class='ocrx_word' id='word_1_15' title='bbox 1147 445 1207 510; x_wconf 89' lang='lat' dir='ltr'>iter</span> 
     </span>
     <span class='ocr_line' id='line_1_3' title="bbox 172 549 1240 634; baseline 0.001 -18"><span class='ocrx_word' id='word_1_16' title='bbox 172 551 301 632; x_wconf 82' lang='lat' dir='ltr'>faceret,</span> <span class='ocrx_word' id='word_1_17' title='bbox 325 550 487 616; x_wconf 81' lang='lat' dir='ltr'>Cenabum</span> <span class='ocrx_word' id='word_1_18' title='bbox 500 550 672 616; x_wconf 91' lang='lat' dir='ltr'>Carnutum</span> <span class='ocrx_word' id='word_1_19' title='bbox 686 549 905 634; x_wconf 87' lang='lat' dir='ltr'>proficiscitur;</span> <span class='ocrx_word' id='word_1_20' title='bbox 922 549 976 631; x_wconf 93' lang='lat' dir='ltr'>qui</span> <span class='ocrx_word' id='word_1_21' title='bbox 991 557 1057 614; x_wconf 92' lang='lat' dir='ltr'>tum</span> <span class='ocrx_word' id='word_1_22' title='bbox 1071 549 1206 633; x_wconf 91' lang='lat' dir='ltr'>primum</span> <span class='ocrx_word' id='word_1_23' title='bbox 1224 569 1240 617; x_wconf 80' lang='lat'>4</span> 
     </span>
     <span class='ocr_line' id='line_1_4' title="bbox 171 650 1206 736; baseline -0.002 -18"><span class='ocrx_word' id='word_1_24' title='bbox 171 654 268 718; x_wconf 83' lang='lat' dir='ltr'>allato</span> <span class='ocrx_word' id='word_1_25' title='bbox 290 652 400 717; x_wconf 94' lang='lat' dir='ltr'>nuntio</span> <span class='ocrx_word' id='word_1_26' title='bbox 419 650 461 717; x_wconf 92' lang='lat' dir='ltr'>de</span> <span class='ocrx_word' id='word_1_27' title='bbox 475 652 710 735; x_wconf 85' lang='lat' dir='ltr'>oppugnatione</span> <span class='ocrx_word' id='word_1_28' title='bbox 725 651 966 734; x_wconf 88' lang='lat' dir='ltr'>Vellaunoduni,</span> <span class='ocrx_word' id='word_1_29' title='bbox 990 673 1061 717; x_wconf 91' lang='lat' dir='ltr'>oum</span> <span class='ocrx_word' id='word_1_30' title='bbox 1082 653 1206 736; x_wconf 87' lang='lat' dir='ltr'>longius</span> 
     </span>
     <span class='ocr_line' id='line_1_5' title="bbox 172 752 1207 839; baseline -0.005 -17"><span class='ocrx_word' id='word_1_31' title='bbox 172 775 245 822; x_wconf 86' lang='lat' dir='ltr'>eam</span> <span class='ocrx_word' id='word_1_32' title='bbox 277 775 344 820; x_wconf 89' lang='lat' dir='ltr'>rem</span> <span class='ocrx_word' id='word_1_33' title='bbox 377 752 505 820; x_wconf 91' lang='lat' dir='ltr'>ductum</span> <span class='ocrx_word' id='word_1_34' title='bbox 538 753 576 818; x_wconf 91' lang='lat' dir='ltr'>iri</span> <span class='ocrx_word' id='word_1_35' title='bbox 607 753 833 834; x_wconf 82' lang='lat' dir='ltr'>existimarent,</span> <span class='ocrx_word' id='word_1_36' title='bbox 863 754 1055 839; x_wconf 82' lang='lat' dir='ltr'>praesidium</span> <span class='ocrx_word' id='word_1_37' title='bbox 1086 754 1207 821; x_wconf 79' lang='lat' dir='ltr'>Cenabi</span> 
     </span>
     <span class='ocr_line' id='line_1_6' title="bbox 172 855 1240 940; baseline 0.002 -17"><span class='ocrx_word' id='word_1_38' title='bbox 172 856 284 923; x_wconf 90' lang='lat' dir='ltr'>tuendi</span> <span class='ocrx_word' id='word_1_39' title='bbox 306 877 411 938; x_wconf 88' lang='lat' dir='ltr'>causa,</span> <span class='ocrx_word' id='word_1_40' title='bbox 435 855 519 938; x_wconf 93' lang='lat' dir='ltr'>quod</span> <span class='ocrx_word' id='word_1_41' title='bbox 541 875 579 920; x_wconf 89' lang='lat' dir='ltr'>eo</span> <span class='ocrx_word' id='word_1_42' title='bbox 601 856 771 936; x_wconf 88' lang='lat' dir='ltr'>mitterent,</span> <span class='ocrx_word' id='word_1_43' title='bbox 795 856 1029 940; x_wconf 88' lang='lat' dir='ltr'>comparabant.</span> <span class='ocrx_word' id='word_1_44' title='bbox 1074 856 1137 922; x_wconf 90' lang='lat' dir='ltr'>huc</span> <span class='ocrx_word' id='word_1_45' title='bbox 1163 856 1240 925; x_wconf 80' lang='lat' dir='ltr'>bia</span> 
     </span>
     <span class='ocr_line' id='line_1_7' title="bbox 171 957 1206 1044; baseline -0.002 -20"><span class='ocrx_word' id='word_1_46' title='bbox 171 959 236 1024; x_wconf 93' lang='lat' dir='ltr'>duo</span> <span class='ocrx_word' id='word_1_47' title='bbox 257 959 411 1044; x_wconf 83' lang='lat' dir='ltr'>pervenit.</span> <span class='ocrx_word' id='word_1_48' title='bbox 447 958 557 1023; x_wconf 91' lang='lat' dir='ltr'>castris</span> <span class='ocrx_word' id='word_1_49' title='bbox 572 964 646 1023; x_wconf 87' lang='lat' dir='ltr'>ante</span> <span class='ocrx_word' id='word_1_50' title='bbox 665 958 815 1041; x_wconf 91' lang='lat' dir='ltr'>oppidum</span> <span class='ocrx_word' id='word_1_51' title='bbox 837 958 957 1042; x_wconf 87' lang='lat' dir='ltr'>positis,</span> <span class='ocrx_word' id='word_1_52' title='bbox 981 957 1044 1024; x_wconf 90' lang='lat' dir='ltr'>diei</span> <span class='ocrx_word' id='word_1_53' title='bbox 1066 965 1206 1042; x_wconf 85' lang='lat' dir='ltr'>tempore</span> 
     </span>
     <span class='ocr_line' id='line_1_8' title="bbox 172 1061 1206 1145; baseline -0.004 -16"><span class='ocrx_word' id='word_1_54' title='bbox 172 1063 321 1129; x_wconf 86' lang='lat' dir='ltr'>exclusus</span> <span class='ocrx_word' id='word_1_55' title='bbox 349 1063 383 1126; x_wconf 94' lang='lat' dir='ltr'>in</span> <span class='ocrx_word' id='word_1_56' title='bbox 413 1067 572 1145; x_wconf 89' lang='lat' dir='ltr'>posterum</span> <span class='ocrx_word' id='word_1_57' title='bbox 609 1061 876 1145; x_wconf 85' lang='lat' dir='ltr'>oppugnationem</span> <span class='ocrx_word' id='word_1_58' title='bbox 911 1061 1029 1143; x_wconf 87' lang='lat' dir='ltr'>differt,</span> <span class='ocrx_word' id='word_1_59' title='bbox 1064 1081 1206 1144; x_wconf 89' lang='lat' dir='ltr'>quaeque</span> 
     </span>
     <span class='ocr_line' id='line_1_9' title="bbox 171 1153 1240 1248; baseline 0.001 -18"><span class='ocrx_word' id='word_1_60' title='bbox 171 1164 216 1230; x_wconf 85' lang='lat' dir='ltr'>ad</span> <span class='ocrx_word' id='word_1_61' title='bbox 239 1185 309 1230; x_wconf 88' lang='lat' dir='ltr'>eam</span> <span class='ocrx_word' id='word_1_62' title='bbox 331 1184 397 1230; x_wconf 89' lang='lat' dir='ltr'>rem</span> <span class='ocrx_word' id='word_1_63' title='bbox 419 1164 490 1229; x_wconf 86' lang='lat' dir='ltr'>usui</span> <span class='ocrx_word' id='word_1_64' title='bbox 512 1164 585 1244; x_wconf 90' lang='lat' dir='ltr'>sint,</span> <span class='ocrx_word' id='word_1_65' title='bbox 608 1163 759 1228; x_wconf 87' lang='lat' dir='ltr'>militibus</span> <span class='ocrx_word' id='word_1_66' title='bbox 788 1164 922 1248; x_wconf 89' lang='lat' dir='ltr'>imperat</span> <span class='ocrx_word' id='word_1_67' title='bbox 945 1153 986 1246; x_wconf 89' lang='lat' dir='ltr'>et,</span> <span class='ocrx_word' id='word_1_68' title='bbox 1016 1163 1100 1247; x_wconf 89' lang='lat' dir='ltr'>quod</span> <span class='ocrx_word' id='word_1_69' title='bbox 1122 1164 1240 1248; x_wconf 82' lang='lat' dir='ltr'>appi-o</span> 
     </span>
     <span class='ocr_line' id='line_1_10' title="bbox 172 1266 1206 1351; baseline -0.001 -19"><span class='ocrx_word' id='word_1_70' title='bbox 172 1267 249 1333; x_wconf 93' lang='lat' dir='ltr'>dum</span> <span class='ocrx_word' id='word_1_71' title='bbox 265 1269 428 1334; x_wconf 82' lang='lat' dir='ltr'>Cenabum</span> <span class='ocrx_word' id='word_1_72' title='bbox 448 1285 528 1351; x_wconf 90' lang='lat' dir='ltr'>pons</span> <span class='ocrx_word' id='word_1_73' title='bbox 550 1266 689 1332; x_wconf 89' lang='lat' dir='ltr'>fluminis</span> <span class='ocrx_word' id='word_1_74' title='bbox 703 1267 827 1350; x_wconf 86' lang='lat' dir='ltr'>Ligeris</span> <span class='ocrx_word' id='word_1_75' title='bbox 850 1267 1062 1351; x_wconf 89' lang='lat' dir='ltr'>contingebat,</span> <span class='ocrx_word' id='word_1_76' title='bbox 1079 1267 1206 1350; x_wconf 89' lang='lat' dir='ltr'>veritus,</span> 
     </span>
     <span class='ocr_line' id='line_1_11' title="bbox 174 1349 1207 1455; baseline -0.002 -19"><span class='ocrx_word' id='word_1_77' title='bbox 174 1391 216 1436; x_wconf 86' lang='lat' dir='ltr'>ne</span> <span class='ocrx_word' id='word_1_78' title='bbox 238 1377 333 1436; x_wconf 92' lang='lat' dir='ltr'>noctu</span> <span class='ocrx_word' id='word_1_79' title='bbox 356 1391 397 1436; x_wconf 90' lang='lat' dir='ltr'>ex</span> <span class='ocrx_word' id='word_1_80' title='bbox 419 1370 535 1454; x_wconf 93' lang='lat' dir='ltr'>oppido</span> <span class='ocrx_word' id='word_1_81' title='bbox 549 1349 770 1454; x_wconf 71' lang='lat' dir='ltr'>‘profugefent</span> <span class='ocrx_word' id='word_1_82' title='bbox 793 1369 873 1435; x_wconf 89' lang='lat' dir='ltr'>duas</span> <span class='ocrx_word' id='word_1_83' title='bbox 894 1370 1035 1455; x_wconf 87' lang='lat' dir='ltr'>legiones</span> <span class='ocrx_word' id='word_1_84' title='bbox 1057 1371 1090 1434; x_wconf 95' lang='lat' dir='ltr'>in</span> <span class='ocrx_word' id='word_1_85' title='bbox 1112 1370 1207 1434; x_wconf 89' lang='lat' dir='ltr'>armis</span> 
     </span>
     <span class='ocr_line' id='line_1_12' title="bbox 172 1471 1240 1557; baseline -0.001 -18"><span class='ocrx_word' id='word_1_86' title='bbox 172 1473 332 1540; x_wconf 86' lang='lat' dir='ltr'>excubare</span> <span class='ocrx_word' id='word_1_87' title='bbox 353 1473 450 1538; x_wconf 89' lang='lat' dir='ltr'>iubet.</span> <span class='ocrx_word' id='word_1_88' title='bbox 489 1472 691 1538; x_wconf 80' lang='lat' dir='ltr'>Cenabenses</span> <span class='ocrx_word' id='word_1_89' title='bbox 712 1473 806 1557; x_wconf 90' lang='lat' dir='ltr'>paulo</span> <span class='ocrx_word' id='word_1_90' title='bbox 828 1478 904 1537; x_wconf 85' lang='lat' dir='ltr'>ente</span> <span class='ocrx_word' id='word_1_91' title='bbox 925 1471 1062 1538; x_wconf 88' lang='lat' dir='ltr'>mediam</span> <span class='ocrx_word' id='word_1_92' title='bbox 1083 1478 1207 1538; x_wconf 88' lang='lat' dir='ltr'>noctem</span> <span class='ocrx_word' id='word_1_93' title='bbox 1225 1491 1240 1538; x_wconf 83' lang='lat' dir='ltr'>r</span> 
     </span>
     <span class='ocr_line' id='line_1_13' title="bbox 173 1573 1240 1661; baseline -0.002 -18"><span class='ocrx_word' id='word_1_94' title='bbox 173 1577 298 1643; x_wconf 87' lang='lat' dir='ltr'>silentio</span> <span class='ocrx_word' id='word_1_95' title='bbox 321 1595 362 1641; x_wconf 89' lang='lat' dir='ltr'>ex</span> <span class='ocrx_word' id='word_1_96' title='bbox 384 1574 500 1661; x_wconf 91' lang='lat' dir='ltr'>oppido</span> <span class='ocrx_word' id='word_1_97' title='bbox 523 1573 641 1658; x_wconf 86' lang='lat' dir='ltr'>egressi</span> <span class='ocrx_word' id='word_1_98' title='bbox 662 1573 779 1638; x_wconf 89' lang='lat' dir='ltr'>flumen</span> <span class='ocrx_word' id='word_1_99' title='bbox 794 1575 927 1640; x_wconf 88' lang='lat' dir='ltr'>transire</span> <span class='ocrx_word' id='word_1_100' title='bbox 943 1581 1120 1659; x_wconf 90' lang='lat' dir='ltr'>coeperunt.</span> <span class='ocrx_word' id='word_1_101' title='bbox 1145 1593 1240 1656; x_wconf 84' lang='lat' dir='ltr'>quae</span> 
     </span>
     <span class='ocr_line' id='line_1_14' title="bbox 174 1676 1207 1764; baseline -0.005 -20"><span class='ocrx_word' id='word_1_102' title='bbox 174 1699 209 1744; x_wconf 91' lang='lat' dir='ltr'>re</span> <span class='ocrx_word' id='word_1_103' title='bbox 237 1699 294 1764; x_wconf 90' lang='lat' dir='ltr'>per</span> <span class='ocrx_word' id='word_1_104' title='bbox 323 1678 535 1763; x_wconf 87' lang='lat' dir='ltr'>exploratores</span> <span class='ocrx_word' id='word_1_105' title='bbox 563 1677 709 1741; x_wconf 88' lang='lat' dir='ltr'>nuntiata</span> <span class='ocrx_word' id='word_1_106' title='bbox 731 1677 848 1742; x_wconf 89' lang='lat' dir='ltr'>Caesar</span> <span class='ocrx_word' id='word_1_107' title='bbox 876 1676 1024 1761; x_wconf 89' lang='lat' dir='ltr'>legiones,</span> <span class='ocrx_word' id='word_1_108' title='bbox 1054 1695 1133 1758; x_wconf 91' lang='lat' dir='ltr'>quas</span> <span class='ocrx_word' id='word_1_109' title='bbox 1155 1695 1207 1740; x_wconf 93' lang='lat' dir='ltr'>ex-</span> 
     </span>
     <span class='ocr_line' id='line_1_15' title="bbox 174 1779 1207 1867; baseline -0.005 -20"><span class='ocrx_word' id='word_1_110' title='bbox 174 1781 298 1867; x_wconf 87' lang='lat' dir='ltr'>peditas</span> <span class='ocrx_word' id='word_1_111' title='bbox 328 1800 398 1846; x_wconf 87' lang='lat' dir='ltr'>esse</span> <span class='ocrx_word' id='word_1_112' title='bbox 430 1779 572 1860; x_wconf 88' lang='lat' dir='ltr'>iusserat,</span> <span class='ocrx_word' id='word_1_113' title='bbox 605 1779 704 1863; x_wconf 88' lang='lat' dir='ltr'>portis</span> <span class='ocrx_word' id='word_1_114' title='bbox 737 1779 874 1844; x_wconf 80' lang='lat' dir='ltr'>incensis</span> <span class='ocrx_word' id='word_1_115' title='bbox 905 1779 1083 1845; x_wconf 92' lang='lat' dir='ltr'>intromittit</span> <span class='ocrx_word' id='word_1_116' title='bbox 1112 1785 1207 1860; x_wconf 89' lang='lat' dir='ltr'>atque</span> 
     </span>
     <span class='ocr_line' id='line_1_16' title="bbox 173 1879 1206 1969; baseline -0.004 -20"><span class='ocrx_word' id='word_1_117' title='bbox 173 1883 290 1969; x_wconf 91' lang='lat' dir='ltr'>oppido</span> <span class='ocrx_word' id='word_1_118' title='bbox 318 1883 436 1968; x_wconf 88' lang='lat' dir='ltr'>potitur</span> <span class='ocrx_word' id='word_1_119' title='bbox 457 1882 623 1968; x_wconf 88' lang='lat' dir='ltr'>perpaucis</span> <span class='ocrx_word' id='word_1_120' title='bbox 645 1901 687 1947; x_wconf 91' lang='lat' dir='ltr'>ex</span> <span class='ocrx_word' id='word_1_121' title='bbox 708 1882 844 1947; x_wconf 92' lang='lat' dir='ltr'>hostium</span> <span class='ocrx_word' id='word_1_122' title='bbox 859 1901 989 1947; x_wconf 89' lang='lat' dir='ltr'>numero</span> <span class='ocrx_word' id='word_1_123' title='bbox 1011 1879 1206 1961; x_wconf 88' lang='lat' dir='ltr'>desideratis,</span> 
     </span>
     <span class='ocr_line' id='line_1_17' title="bbox 176 1975 1207 2070; baseline -0.005 -19"><span class='ocrx_word' id='word_1_124' title='bbox 176 1975 252 2070; x_wconf 90' lang='lat' dir='ltr'>quin</span> <span class='ocrx_word' id='word_1_125' title='bbox 277 1985 380 2050; x_wconf 89' lang='lat' dir='ltr'>cuncti</span> <span class='ocrx_word' id='word_1_126' title='bbox 410 1990 605 2069; x_wconf 81' lang='lat' dir='ltr'>caperentur,</span> <span class='ocrx_word' id='word_1_127' title='bbox 637 1983 720 2067; x_wconf 93' lang='lat' dir='ltr'>quod</span> <span class='ocrx_word' id='word_1_128' title='bbox 741 1984 846 2069; x_wconf 88' lang='lat' dir='ltr'>pontis</span> <span class='ocrx_word' id='word_1_129' title='bbox 868 1990 964 2066; x_wconf 90' lang='lat' dir='ltr'>atque</span> <span class='ocrx_word' id='word_1_130' title='bbox 985 1983 1132 2048; x_wconf 90' lang='lat' dir='ltr'>itinerum</span> <span class='ocrx_word' id='word_1_131' title='bbox 1153 2003 1207 2046; x_wconf 92' lang='lat' dir='ltr'>an-</span> 
     </span>
     <span class='ocr_line' id='line_1_18' title="bbox 173 2085 1239 2174; baseline 0.002 -22"><span class='ocrx_word' id='word_1_132' title='bbox 173 2089 298 2174; x_wconf 83' lang='lat' dir='ltr'>gustiae</span> <span class='ocrx_word' id='word_1_133' title='bbox 319 2086 528 2152; x_wconf 89' lang='lat' dir='ltr'>multitudinis</span> <span class='ocrx_word' id='word_1_134' title='bbox 556 2086 665 2171; x_wconf 88' lang='lat' dir='ltr'>fugem</span> <span class='ocrx_word' id='word_1_135' title='bbox 693 2087 940 2153; x_wconf 83' lang='lat' dir='ltr'>intercluserunt.</span> <span class='ocrx_word' id='word_1_136' title='bbox 985 2086 1135 2172; x_wconf 92' lang='lat' dir='ltr'>oppidum</span> <span class='ocrx_word' id='word_1_137' title='bbox 1164 2085 1239 2154; x_wconf 80' lang='lat' dir='ltr'>dia</span> 
     </span>
     <span class='ocr_line' id='line_1_19' title="bbox 176 2187 1208 2274; baseline -0.002 -20"><span class='ocrx_word' id='word_1_138' title='bbox 176 2191 250 2274; x_wconf 88' lang='lat' dir='ltr'>ripit</span> <span class='ocrx_word' id='word_1_139' title='bbox 271 2196 367 2273; x_wconf 89' lang='lat' dir='ltr'>atque</span> <span class='ocrx_word' id='word_1_140' title='bbox 388 2188 538 2270; x_wconf 86' lang='lat' dir='ltr'>incendit,</span> <span class='ocrx_word' id='word_1_141' title='bbox 561 2187 711 2273; x_wconf 87' lang='lat' dir='ltr'>praedam</span> <span class='ocrx_word' id='word_1_142' title='bbox 733 2189 885 2255; x_wconf 87' lang='lat' dir='ltr'>militibus</span> <span class='ocrx_word' id='word_1_143' title='bbox 906 2189 1012 2273; x_wconf 92' lang='lat' dir='ltr'>donat,</span> <span class='ocrx_word' id='word_1_144' title='bbox 1035 2189 1208 2255; x_wconf 89' lang='lat' dir='ltr'>exercitum</span> 
     </span>
     <span class='ocr_line' id='line_1_20' title="bbox 175 2291 1120 2377; baseline -0.002 -19"><span class='ocrx_word' id='word_1_145' title='bbox 175 2293 321 2377; x_wconf 85' lang='lat' dir='ltr'>Ligerem</span> <span class='ocrx_word' id='word_1_146' title='bbox 342 2291 477 2356; x_wconf 90' lang='lat' dir='ltr'>traducit</span> <span class='ocrx_word' id='word_1_147' title='bbox 498 2299 594 2374; x_wconf 88' lang='lat' dir='ltr'>atque</span> <span class='ocrx_word' id='word_1_148' title='bbox 615 2291 649 2356; x_wconf 94' lang='lat' dir='ltr'>in</span> <span class='ocrx_word' id='word_1_149' title='bbox 669 2293 845 2376; x_wconf 91' lang='lat' dir='ltr'>Biturigum</span> <span class='ocrx_word' id='word_1_150' title='bbox 867 2292 947 2359; x_wconf 86' lang='lat' dir='ltr'>fines</span> <span class='ocrx_word' id='word_1_151' title='bbox 968 2293 1120 2377; x_wconf 86' lang='lat' dir='ltr'>pervenit.</span> 
     </span>
    </p>

    <p class='ocr_par' dir='ltr' id='par_1_3' title="bbox 173 2394 1241 3811">
     <span class='ocr_line' id='line_1_21' title="bbox 279 2394 1240 2478; baseline 0.005 -19"><span class='ocrx_word' id='word_1_152' title='bbox 279 2395 353 2459; x_wconf 88' lang='lat' dir='ltr'>XII.</span> <span class='ocrx_word' id='word_1_153' title='bbox 398 2394 647 2478; x_wconf 78' lang='lat' dir='ltr'>Vercingetorix,</span> <span class='ocrx_word' id='word_1_154' title='bbox 677 2396 732 2460; x_wconf 94' lang='lat' dir='ltr'>ubi</span> <span class='ocrx_word' id='word_1_155' title='bbox 761 2395 802 2460; x_wconf 91' lang='lat' dir='ltr'>de</span> <span class='ocrx_word' id='word_1_156' title='bbox 825 2397 970 2462; x_wconf 90' lang='lat' dir='ltr'>Caesaris</span> <span class='ocrx_word' id='word_1_157' title='bbox 998 2396 1139 2461; x_wconf 89' lang='lat' dir='ltr'>adventu</span> <span class='ocrx_word' id='word_1_158' title='bbox 1161 2416 1240 2464; x_wconf 85' lang='lat' dir='ltr'>cot</span> 
     </span>
     <span class='ocr_line' id='line_1_22' title="bbox 173 2496 1208 2583; baseline -0.001 -20"><span class='ocrx_word' id='word_1_159' title='bbox 173 2498 296 2583; x_wconf 84' lang='lat' dir='ltr'>gnovit,</span> <span class='ocrx_word' id='word_1_160' title='bbox 327 2496 563 2581; x_wconf 88' lang='lat' dir='ltr'>oppugnatione</span> <span class='ocrx_word' id='word_1_161' title='bbox 585 2496 705 2562; x_wconf 88' lang='lat' dir='ltr'>destitit</span> <span class='ocrx_word' id='word_1_162' title='bbox 726 2505 822 2580; x_wconf 91' lang='lat' dir='ltr'>atquc</span> <span class='ocrx_word' id='word_1_163' title='bbox 843 2499 969 2564; x_wconf 93' lang='lat' dir='ltr'>obviam</span> <span class='ocrx_word' id='word_1_164' title='bbox 993 2499 1120 2564; x_wconf 81' lang='lat' dir='ltr'>Caesari</span> <span class='ocrx_word' id='word_1_165' title='bbox 1141 2519 1208 2581; x_wconf 86' lang='lat' dir='ltr'>pro-</span> 
     </span>
     <span class='ocr_line' id='line_1_23' title="bbox 175 2598 1241 2684; baseline 0.004 -20"><span class='ocrx_word' id='word_1_166' title='bbox 175 2600 332 2666; x_wconf 87' lang='lat' dir='ltr'>ficiscitur.</span> <span class='ocrx_word' id='word_1_167' title='bbox 370 2599 423 2664; x_wconf 87' lang='lat' dir='ltr'>illo</span> <span class='ocrx_word' id='word_1_168' title='bbox 445 2598 595 2682; x_wconf 89' lang='lat' dir='ltr'>oppidum</span> <span class='ocrx_word' id='word_1_169' title='bbox 616 2599 793 2682; x_wconf 86' lang='lat' dir='ltr'>Biturigum</span> <span class='ocrx_word' id='word_1_170' title='bbox 814 2601 950 2684; x_wconf 93' lang='lat' dir='ltr'>positum</span> <span class='ocrx_word' id='word_1_171' title='bbox 972 2600 1005 2663; x_wconf 93' lang='lat' dir='ltr'>in</span> <span class='ocrx_word' id='word_1_172' title='bbox 1027 2601 1080 2663; x_wconf 89' lang='lat' dir='ltr'>via</span> <span class='ocrx_word' id='word_1_173' title='bbox 1094 2601 1241 2668; x_wconf 81' lang='lat' dir='ltr'>Novio-a</span> 
     </span>
     <span class='ocr_line' id='line_1_24' title="bbox 174 2700 1241 2786; baseline 0.004 -20"><span class='ocrx_word' id='word_1_174' title='bbox 174 2701 296 2766; x_wconf 92' lang='lat' dir='ltr'>dunum</span> <span class='ocrx_word' id='word_1_175' title='bbox 318 2720 501 2786; x_wconf 87' lang='lat' dir='ltr'>oppugnare</span> <span class='ocrx_word' id='word_1_176' title='bbox 522 2700 709 2766; x_wconf 89' lang='lat' dir='ltr'>instituerat.</span> <span class='ocrx_word' id='word_1_177' title='bbox 744 2721 806 2783; x_wconf 93' lang='lat' dir='ltr'>quo</span> <span class='ocrx_word' id='word_1_178' title='bbox 825 2722 866 2767; x_wconf 91' lang='lat' dir='ltr'>ex</span> <span class='ocrx_word' id='word_1_179' title='bbox 881 2701 996 2786; x_wconf 91' lang='lat' dir='ltr'>oppido</span> <span class='ocrx_word' id='word_1_180' title='bbox 1019 2722 1089 2766; x_wconf 92' lang='lat' dir='ltr'>cum</span> <span class='ocrx_word' id='word_1_181' title='bbox 1111 2703 1208 2784; x_wconf 90' lang='lat' dir='ltr'>legati</span> <span class='ocrx_word' id='word_1_182' title='bbox 1226 2723 1241 2770; x_wconf 84' lang='lat' dir='ltr'>o</span> 
     </span>
     <span class='ocr_line' id='line_1_25' title="bbox 174 2803 1207 2888; baseline -0.001 -19"><span class='ocrx_word' id='word_1_183' title='bbox 174 2804 219 2870; x_wconf 92' lang='lat' dir='ltr'>ad</span> <span class='ocrx_word' id='word_1_184' title='bbox 253 2825 324 2869; x_wconf 91' lang='lat' dir='ltr'>eum</span> <span class='ocrx_word' id='word_1_185' title='bbox 353 2803 515 2869; x_wconf 88' lang='lat' dir='ltr'>venissent</span> <span class='ocrx_word' id='word_1_186' title='bbox 544 2809 675 2884; x_wconf 90' lang='lat' dir='ltr'>oratum,</span> <span class='ocrx_word' id='word_1_187' title='bbox 708 2809 743 2868; x_wconf 92' lang='lat' dir='ltr'>ut</span> <span class='ocrx_word' id='word_1_188' title='bbox 772 2804 833 2870; x_wconf 89' lang='lat' dir='ltr'>sibi</span> <span class='ocrx_word' id='word_1_189' title='bbox 861 2805 1037 2888; x_wconf 88' lang='lat' dir='ltr'>ignosceret</span> <span class='ocrx_word' id='word_1_190' title='bbox 1070 2823 1207 2885; x_wconf 87' lang='lat' dir='ltr'>suaeque</span> 
     </span>
     <span class='ocr_line' id='line_1_26' title="bbox 176 2905 1209 2989; baseline -0.003 -15"><span class='ocrx_word' id='word_1_191' title='bbox 176 2908 262 2974; x_wconf 86' lang='lat' dir='ltr'>vitae</span> <span class='ocrx_word' id='word_1_192' title='bbox 277 2907 461 2988; x_wconf 89' lang='lat' dir='ltr'>consuleret,</span> <span class='ocrx_word' id='word_1_193' title='bbox 484 2912 520 2971; x_wconf 94' lang='lat' dir='ltr'>ut</span> <span class='ocrx_word' id='word_1_194' title='bbox 541 2906 701 2972; x_wconf 87' lang='lat' dir='ltr'>celeritate</span> <span class='ocrx_word' id='word_1_195' title='bbox 722 2907 859 2989; x_wconf 90' lang='lat' dir='ltr'>reliquas</span> <span class='ocrx_word' id='word_1_196' title='bbox 880 2927 931 2972; x_wconf 91' lang='lat' dir='ltr'>res</span> <span class='ocrx_word' id='word_1_197' title='bbox 947 2905 1122 2987; x_wconf 87' lang='lat' dir='ltr'>conficeret,</span> <span class='ocrx_word' id='word_1_198' title='bbox 1146 2927 1209 2989; x_wconf 90' lang='lat' dir='ltr'>qua</span> 
     </span>
     <span class='ocr_line' id='line_1_27' title="bbox 176 3007 1207 3095; baseline 0 -21"><span class='ocrx_word' id='word_1_199' title='bbox 176 3009 326 3095; x_wconf 89' lang='lat' dir='ltr'>pleraque</span> <span class='ocrx_word' id='word_1_200' title='bbox 356 3015 422 3074; x_wconf 87' lang='lat' dir='ltr'>erat</span> <span class='ocrx_word' id='word_1_201' title='bbox 452 3013 645 3090; x_wconf 84' lang='lat' dir='ltr'>consecutus,</span> <span class='ocrx_word' id='word_1_202' title='bbox 674 3029 762 3073; x_wconf 88' lang='lat' dir='ltr'>arma</span> <span class='ocrx_word' id='word_1_203' title='bbox 784 3008 927 3091; x_wconf 83' lang='lat' dir='ltr'>conferri,</span> <span class='ocrx_word' id='word_1_204' title='bbox 951 3027 1047 3091; x_wconf 89' lang='lat' dir='ltr'>equos</span> <span class='ocrx_word' id='word_1_205' title='bbox 1068 3007 1207 3093; x_wconf 90' lang='lat' dir='ltr'>produci,</span> 
     </span>
     <span class='ocr_line' id='line_1_28' title="bbox 175 3109 1241 3196; baseline 0.003 -19"><span class='ocrx_word' id='word_1_206' title='bbox 175 3110 304 3178; x_wconf 89' lang='lat' dir='ltr'>obsides</span> <span class='ocrx_word' id='word_1_207' title='bbox 326 3109 394 3176; x_wconf 83' lang='lat' dir='ltr'>dati</span> <span class='ocrx_word' id='word_1_208' title='bbox 416 3111 512 3176; x_wconf 89' lang='lat' dir='ltr'>iubet.</span> <span class='ocrx_word' id='word_1_209' title='bbox 557 3117 647 3196; x_wconf 90' lang='lat' dir='ltr'>parte</span> <span class='ocrx_word' id='word_1_210' title='bbox 668 3111 732 3174; x_wconf 88' lang='lat' dir='ltr'>iarn</span> <span class='ocrx_word' id='word_1_211' title='bbox 755 3109 900 3176; x_wconf 91' lang='lat' dir='ltr'>obsidum</span> <span class='ocrx_word' id='word_1_212' title='bbox 922 3111 1047 3192; x_wconf 90' lang='lat' dir='ltr'>tradita,</span> <span class='ocrx_word' id='word_1_213' title='bbox 1071 3131 1142 3176; x_wconf 91' lang='lat' dir='ltr'>cum</span> <span class='ocrx_word' id='word_1_214' title='bbox 1164 3133 1241 3180; x_wconf 80' lang='lat' dir='ltr'>rer</span> 
     </span>
     <span class='ocr_line' id='line_1_29' title="bbox 177 3213 1208 3298; baseline 0.002 -19"><span class='ocrx_word' id='word_1_215' title='bbox 177 3215 263 3297; x_wconf 85' lang='lat' dir='ltr'>lique</span> <span class='ocrx_word' id='word_1_216' title='bbox 284 3213 586 3295; x_wconf 87' lang='lat' dir='ltr'>administrarentur,</span> <span class='ocrx_word' id='word_1_217' title='bbox 609 3213 844 3279; x_wconf 87' lang='lat' dir='ltr'>centurionibus</span> <span class='ocrx_word' id='word_1_218' title='bbox 866 3221 898 3278; x_wconf 92' lang='lat' dir='ltr'>et</span> <span class='ocrx_word' id='word_1_219' title='bbox 927 3215 1036 3298; x_wconf 87' lang='lat' dir='ltr'>paucis</span> <span class='ocrx_word' id='word_1_220' title='bbox 1058 3215 1208 3281; x_wconf 92' lang='lat' dir='ltr'>militibus</span> 
     </span>
     <span class='ocr_line' id='line_1_30' title="bbox 175 3314 1209 3401; baseline 0.002 -19"><span class='ocrx_word' id='word_1_221' title='bbox 175 3317 372 3397; x_wconf 84' lang='lat' dir='ltr'>intromissis,</span> <span class='ocrx_word' id='word_1_222' title='bbox 396 3316 449 3399; x_wconf 91' lang='lat' dir='ltr'>qui</span> <span class='ocrx_word' id='word_1_223' title='bbox 468 3337 556 3382; x_wconf 89' lang='lat' dir='ltr'>arma</span> <span class='ocrx_word' id='word_1_224' title='bbox 577 3314 780 3398; x_wconf 81' lang='lat' dir='ltr'>iumentaque</span> <span class='ocrx_word' id='word_1_225' title='bbox 802 3317 1029 3400; x_wconf 88' lang='lat' dir='ltr'>conquirerent,</span> <span class='ocrx_word' id='word_1_226' title='bbox 1052 3319 1209 3401; x_wconf 88' lang='lat' dir='ltr'>equitatus</span> 
     </span>
     <span class='ocr_line' id='line_1_31' title="bbox 177 3419 1209 3505; baseline 0.002 -21"><span class='ocrx_word' id='word_1_227' title='bbox 177 3419 314 3485; x_wconf 89' lang='lat' dir='ltr'>hostium</span> <span class='ocrx_word' id='word_1_228' title='bbox 350 3420 458 3504; x_wconf 89' lang='lat' dir='ltr'>procul</span> <span class='ocrx_word' id='word_1_229' title='bbox 491 3421 577 3486; x_wconf 78' lang='lat' dir='ltr'>viam</span> <span class='ocrx_word' id='word_1_230' title='bbox 611 3425 672 3502; x_wconf 86' lang='lat' dir='ltr'>est,</span> <span class='ocrx_word' id='word_1_231' title='bbox 706 3419 760 3500; x_wconf 93' lang='lat' dir='ltr'>qui</span> <span class='ocrx_word' id='word_1_232' title='bbox 796 3439 911 3503; x_wconf 88' lang='lat' dir='ltr'>agmen</span> <span class='ocrx_word' id='word_1_233' title='bbox 944 3421 1209 3505; x_wconf 89' lang='lat' dir='ltr'>Vercingetorigis</span> 
     </span>
     <span class='ocr_line' id='line_1_32' title="bbox 174 3521 1241 3606; baseline 0.004 -20"><span class='ocrx_word' id='word_1_234' title='bbox 174 3528 399 3587; x_wconf 87' lang='lat' dir='ltr'>antecesserat.</span> <span class='ocrx_word' id='word_1_235' title='bbox 451 3543 545 3605; x_wconf 89' lang='lat' dir='ltr'>quem</span> <span class='ocrx_word' id='word_1_236' title='bbox 574 3521 762 3604; x_wconf 88' lang='lat' dir='ltr'>simulatque</span> <span class='ocrx_word' id='word_1_237' title='bbox 795 3521 945 3605; x_wconf 91' lang='lat' dir='ltr'>oppidani</span> <span class='ocrx_word' id='word_1_238' title='bbox 978 3530 1241 3606; x_wconf 80' lang='lat' dir='ltr'>conspexerunts</span> 
     </span>
     <span class='ocr_line' id='line_1_33' title="bbox 174 3625 1208 3709; baseline -0.001 -20"><span class='ocrx_word' id='word_1_239' title='bbox 174 3631 272 3707; x_wconf 89' lang='lat' dir='ltr'>atque</span> <span class='ocrx_word' id='word_1_240' title='bbox 301 3625 335 3689; x_wconf 93' lang='lat' dir='ltr'>in</span> <span class='ocrx_word' id='word_1_241' title='bbox 365 3644 454 3709; x_wconf 90' lang='lat' dir='ltr'>spem</span> <span class='ocrx_word' id='word_1_242' title='bbox 483 3625 594 3689; x_wconf 88' lang='lat' dir='ltr'>auxilii</span> <span class='ocrx_word' id='word_1_243' title='bbox 622 3630 786 3704; x_wconf 86' lang='lat' dir='ltr'>venerunt,</span> <span class='ocrx_word' id='word_1_244' title='bbox 818 3625 952 3690; x_wconf 88' lang='lat' dir='ltr'>clamore</span> <span class='ocrx_word' id='word_1_245' title='bbox 978 3625 1099 3690; x_wconf 89' lang='lat' dir='ltr'>sublato</span> <span class='ocrx_word' id='word_1_246' title='bbox 1121 3645 1208 3689; x_wconf 90' lang='lat' dir='ltr'>arma</span> 
     </span>
     <span class='ocr_line' id='line_1_34' title="bbox 175 3726 1241 3811; baseline 0.002 -19"><span class='ocrx_word' id='word_1_247' title='bbox 175 3747 300 3811; x_wconf 86' lang='lat' dir='ltr'>capere,</span> <span class='ocrx_word' id='word_1_248' title='bbox 322 3733 429 3811; x_wconf 90' lang='lat' dir='ltr'>portas</span> <span class='ocrx_word' id='word_1_249' title='bbox 452 3726 607 3808; x_wconf 90' lang='lat' dir='ltr'>claudere,</span> <span class='ocrx_word' id='word_1_250' title='bbox 630 3745 752 3790; x_wconf 91' lang='lat' dir='ltr'>murum</span> <span class='ocrx_word' id='word_1_251' title='bbox 768 3727 922 3810; x_wconf 89' lang='lat' dir='ltr'>complere</span> <span class='ocrx_word' id='word_1_252' title='bbox 938 3733 1114 3811; x_wconf 88' lang='lat' dir='ltr'>coeperunt.</span> <span class='ocrx_word' id='word_1_253' title='bbox 1139 3747 1241 3794; x_wconf 88' lang='lat' dir='ltr'>cen-e</span> 
     </span>
    </p>
   </div>
   <div class='ocr_carea' id='block_1_3' title="bbox 78 3827 1207 3913">
    <p class='ocr_par' dir='ltr' id='par_1_4' title="bbox 78 3827 1207 3913">
     <span class='ocr_line' id='line_1_35' title="bbox 78 3827 1207 3913; baseline 0.001 -19"><span class='ocrx_word' id='word_1_254' title='bbox 78 3841 81 3846; x_wconf 84' lang='lat'>&#39;</span> <span class='ocrx_word' id='word_1_255' title='bbox 176 3830 317 3894; x_wconf 84' lang='lat' dir='ltr'>turinnes</span> <span class='ocrx_word' id='word_1_256' title='bbox 339 3829 373 3894; x_wconf 93' lang='lat' dir='ltr'>in</span> <span class='ocrx_word' id='word_1_257' title='bbox 396 3828 521 3913; x_wconf 92' lang='lat' dir='ltr'>oppido,</span> <span class='ocrx_word' id='word_1_258' title='bbox 545 3849 616 3893; x_wconf 91' lang='lat' dir='ltr'>oum</span> <span class='ocrx_word' id='word_1_259' title='bbox 639 3849 679 3893; x_wconf 86' lang='lat' dir='ltr'>cx</span> <span class='ocrx_word' id='word_1_260' title='bbox 702 3827 931 3911; x_wconf 88' lang='lat' dir='ltr'>significatione</span> <span class='ocrx_word' id='word_1_261' title='bbox 954 3829 1111 3896; x_wconf 82' lang='lat' dir='ltr'>Gallorum</span> <span class='ocrx_word' id='word_1_262' title='bbox 1134 3831 1207 3895; x_wconf 88' lang='lat' dir='ltr'>novi</span> 
     </span>
    </p>
   </div>
   <div class='ocr_carea' id='block_1_4' title="bbox 0 0 1491 4196">
    <p class='ocr_par' dir='ltr' id='par_1_5' title="bbox 0 0 1491 4196">
     <span class='ocr_line' id='line_1_36' title="bbox 0 0 1491 4196; baseline 0 0"><span class='ocrx_word' id='word_1_263' title='bbox 0 0 1491 4196; x_wconf 95' lang='lat' dir='ltr'> </span> 
     </span>
    </p>
   </div>
  </div>
 </body>
</html>
