2966 4196
243 207 304 270 146
576 219 625 272 DE
643 217 759 274 BELLO
778 217 942 273 GALLICO

209 416 222 464 1
344 393 446 457 XVII.
493 390 612 457 Castris
631 388 675 454 ad
698 409 770 454 eam
792 395 914 474 partem
936 388 1044 474 oppidi
1066 389 1176 474 positis
1200 391 1276 456 an-

241 516 302 578 sar,
333 515 414 577 quae
443 493 622 558 intermissa
650 513 671 556 a
696 491 825 557 flumine
853 499 884 557 et
911 513 932 556 a
953 492 1121 576 paludibus
1143 492 1274 574 aditum,

240 603 275 663 ut
297 617 392 682 supra
414 596 561 677 diximus,
585 601 753 678 angustum
768 594 916 677 habebat,
939 615 1088 679 aggerem
1110 615 1274 680 apparare,

240 701 351 766 vineas
373 719 478 782 agere,
502 704 603 786 turres
618 697 697 762 duas
713 697 902 762 constituere
918 698 1034 782 eoepit3
1057 718 1132 762 nam
1147 699 1275 763 circum·

207 801 359 871 avallare
381 801 440 867 loci
462 807 576 865 natura
597 799 792 884 prohibebat.
835 799 931 865 dere
953 800 1159 866 frumentaria
1180 801 1274 866 Boios

239 911 334 988 atque
349 903 476 970 Aeduos
495 902 655 968 adhortari
678 922 740 968 non
764 902 897 987 destitit3
921 923 1052 986 quorum
1066 903 1166 988 alteri,
1190 903 1273 986 quod

240 1009 324 1073 nullo
347 1007 450 1073 studio
473 1007 621 1090 agebant,
645 1025 709 1070 non
723 1005 855 1070 multum
869 1005 1073 1090 adiuvabant,
1096 1007 1187 1072 alteri
1209 1027 1272 1072 non

240 1110 364 1193 magnis
385 1108 598 1188 facultatibus,
623 1106 706 1190 quod
729 1107 841 1173 civitas
864 1115 930 1173 erat
946 1109 1063 1192 exigua
1085 1116 1117 1174 et
1138 1109 1272 1191 infirma,

206 1233 221 1281 ι
241 1211 391 1292 celeriter,
415 1209 499 1292 quod
521 1210 707 1292 habuerunt,
736 1217 1003 1295 consumpserunt.
1049 1231 1172 1277 summa
1193 1212 1272 1277 difli-

241 1315 355 1380 cultate
384 1314 429 1378 rei
459 1312 683 1378 frumentariae
708 1313 823 1378 affecto
846 1314 986 1378 exercitu
1009 1315 1163 1380 tenuitate
1184 1316 1273 1382 Boio

239 1438 318 1499 rum,
340 1415 540 1499 indiligentia
553 1414 743 1497 Aeduorum,
763 1415 918 1481 incendiis
933 1417 1156 1500 aedificiorum,
1172 1438 1273 1500 usque

224 1511 287 1602 eo,
310 1525 345 1584 ut
367 1518 541 1602 complures
563 1517 631 1582 dies
653 1518 810 1584 frumento
832 1519 947 1584 militer
977 1519 1134 1584 caruerint
1160 1527 1191 1586 et
1220 1542 1272 1605 pe·

192 1647 194 1651 ·
240 1643 310 1690 core
340 1643 381 1688 ex
410 1621 680 1705 longinquioribus
709 1621 788 1686 vicis
816 1620 929 1686 adacto
960 1628 1133 1687 extremam
1155 1623 1271 1689 famem

239 1731 460 1806 sustentarent,
490 1723 577 1788 nulla
606 1729 711 1787 tamen
734 1743 798 1788 vox
828 1730 876 1789 est
904 1726 944 1790 ab
973 1725 1013 1789 iis
1034 1724 1143 1789 audita
1165 1727 1271 1810 populi

207 1827 372 1898 rRomani
394 1827 560 1892 maiestate
583 1831 614 1890 et
636 1825 847 1910 superioribus
869 1827 1007 1892 victoriis
1029 1826 1170 1910 indigna.
1195 1829 1270 1911 quin

240 1931 335 1997 etiam
359 1931 476 1996 Caesar
498 1949 569 1994 cum
591 1928 625 1992 in
648 1947 743 2013 opere
765 1928 906 2012 singulas
928 1929 1069 2012 legiones
1097 1931 1272 2014 appellaret

240 2041 281 2115 et,
304 2035 331 2098 si
352 2032 497 2097 acerbius
519 2031 659 2114 inopiam
681 2031 808 2113 ferrent,
839 2050 874 2095 se
896 2030 1096 2097 dimissurum
1111 2053 1272 2117 oppugna

239 2137 357 2201 tionem
380 2133 508 2214 diceret,
530 2132 671 2198 universi
692 2134 734 2199 ab
758 2153 804 2214 eo,
828 2153 869 2198 ne
890 2133 925 2196 id
946 2133 1074 2215 faceret,
1104 2137 1270 2218 petebant:

206 2239 285 2308 ssic
307 2257 341 2302 se
364 2237 539 2320 complures
560 2255 661 2300 annos
683 2235 735 2300 illo
757 2235 932 2320 imperante
954 2237 1115 2319 meruisse,
1142 2245 1177 2302 ut
1206 2239 1272 2304 nul-

239 2343 302 2406 lam
323 2337 528 2422 ignominiam
549 2337 737 2420 acciperent,
761 2359 916 2422 nusquam
937 2339 1056 2404 infecta
1076 2359 1111 2405 re
1132 2339 1272 2406 diseede·

206 2449 323 2527 orent3
353 2442 413 2507 hoc
435 2461 469 2506 se
491 2441 683 2524 ignominiae
704 2440 820 2506 laturos
842 2442 919 2522 loeo,
946 2441 974 2507 si
995 2442 1154 2527 inceptam
1176 2464 1272 2528 oppu-

206 2545 421 2631 agnationem
443 2544 654 2628 reliquissent3
681 2551 841 2627 praestare
863 2563 972 2608 omnes
994 2545 1132 2628 perferre
1153 2547 1272 2612 acerbi·

239 2654 330 2732 tates,
359 2667 453 2730 quam
482 2667 545 2712 non
576 2647 697 2711 civibus
726 2645 886 2730 Romanis,
917 2646 970 2728 qui
994 2647 1113 2712 Cenabi
1138 2647 1271 2732 perfidia

205 2773 221 2818 s
240 2751 399 2818 Gallorum
421 2751 611 2830 interissent,
634 2755 846 2833 parentarent.
883 2748 964 2814 haee
986 2749 1097 2814 eadem
1120 2753 1271 2818 centmio

238 2855 331 2920 nibus
360 2853 556 2935 tribunisque
586 2853 719 2916 militum
748 2851 956 2934 mandabant,
990 2858 1025 2917 ut
1053 2873 1110 2937 per
1142 2872 1196 2919 eos
1228 2854 1270 2919 ad

184 3031 185 3034 Ἴ
240 2959 408 3023 Caesarem
431 2954 636 3020 deferrentur.

206 3081 220 3128 1
341 3059 460 3124 XVIII.
508 3058 586 3123 (lum
615 3057 679 3122 iam
707 3077 795 3122 muro
825 3064 925 3121 turres
954 3055 1286 3142 appropinquassent,

239 3186 280 3230 ex
302 3161 436 3245 captivis
459 3160 575 3226 Caesar
598 3160 755 3244 cognovit,
775 3159 1063 3253 Vercingetorigem
1086 3167 1270 3244 consumpto

239 3265 353 3350 pabulo
383 3268 485 3327 castra
514 3262 651 3328 movisse
683 3262 811 3346 propius
839 3261 1009 3326 Avaricum
1041 3268 1137 3345 atque
1166 3263 1270 3346 ipsum

238 3385 308 3431 cum
343 3364 484 3447 equitatu
518 3362 746 3447 expeditisque,
777 3364 831 3446 qui
862 3363 945 3428 inter
975 3363 1096 3445 equites
1125 3365 1270 3449 proeliari

239 3473 452 3547 consuessent,
474 3465 660 3532 insidiarum
683 3486 778 3532 causa
801 3487 837 3531 eo
856 3466 1040 3549 profectum,
1064 3487 1125 3549 quo
1147 3473 1270 3533 nostros

206 3577 362 3655 apostero
386 3569 438 3634 die
459 3569 643 3653 pabulatum
665 3575 816 3633 venturos
837 3568 1050 3634 arbitraretur.
1089 3571 1203 3652 quibus
1223 3591 1270 3635 re·

238 3675 297 3738 bus
321 3671 455 3754 cognitis
484 3669 590 3734 media
618 3676 710 3735 nocte
739 3669 862 3735 silentio
889 3669 1047 3753 profectus
1069 3671 1111 3734 ad
1133 3671 1270 3738 hostium

208 3795 220 3841 ι
239 3779 342 3838 castra
363 3793 456 3837 mane
479 3772 632 3854 pervenit.
675 3773 719 3835 illi
742 3773 882 3836 celeriter
904 3793 960 3856 per
983 3775 1196 3857 exploratores
1217 3775 1273 3840 ad·
1438 3821 1464 4134 }
