2936 4192
300 325 341 390 38
633 341 683 396 DE
700 341 816 396 BELLO
834 341 995 398 GALLIOO

264 512 424 582 ninterim
450 513 569 598 proelio
596 511 734 596 equestri
760 513 841 578 inter
863 513 942 580 duas
964 513 1049 580 acies
1071 513 1330 581 contendebatur.
1453 537 1454 598 ι

296 615 352 682 ubi
373 616 478 682 neutri
492 615 677 706 transeundi
697 614 822 680 initium
836 615 967 701 faciunt,
990 617 1175 684 secundiore
1190 618 1332 700 equiturn

263 717 415 804 aproelio
444 719 569 801 nostris,
601 719 717 785 Caesar
746 739 818 786 suos
847 721 880 784 in
910 726 1013 786 castra
1043 719 1180 787 reduxit.
1224 721 1335 788 hostes

296 820 440 906 protinus
469 841 511 887 ex
541 842 578 888 eo
607 821 675 888 loco
704 820 748 888 ad
772 821 890 887 flumen
917 823 1064 889 Axonam
1091 823 1331 908 contenderunt,
1453 871 1454 874 ,

263 945 279 992 4
298 922 383 1007 quod
405 943 475 990 esse
496 929 568 1009 post
589 930 697 990 nostra
719 929 822 990 castra
843 923 1091 992 demonstratum
1113 933 1169 993 est.
1211 927 1257 994 ibi
1277 947 1332 992 va-

298 1025 347 1091 dis
375 1027 508 1112 repertis
537 1032 660 1112 partem
690 1047 815 1092 suarum
844 1029 1003 1112 copiarum
1032 1029 1197 1095 traducere
1226 1029 1331 1095 conati
1453 1025 1454 1054 ¹

296 1134 379 1213 sunt,
403 1149 441 1194 eo
463 1129 603 1212 consilio,
626 1134 671 1213 ut,
699 1130 726 1194 si
747 1136 886 1214 possent,
900 1181 901 1185 ,
914 1132 1085 1216 castellum,
1113 1132 1164 1197 cui
1185 1137 1333 1216 praeerat

297 1229 434 1307 Quintus
455 1231 595 1296 Titurius
615 1231 750 1317 legatus,
774 1241 995 1318 expugnarent
1020 1241 1213 1320 pontemque
1238 1234 1331 1299 inter·
1453 1277 1454 1298 2

263 1331 491 1419 oseinderent3
514 1333 542 1400 si
563 1333 667 1400 minus
688 1335 873 1421 potuissent,
896 1357 989 1421 agros
1010 1339 1178 1403 Remorum
1203 1337 1332 1422 popula

296 1441 413 1520 rentur,
437 1436 491 1519 qui
512 1455 628 1520 magno
650 1437 742 1503 nobis
763 1437 834 1504 usui
853 1437 895 1504 ad
908 1439 1025 1505 bellurn
1040 1439 1215 1526 gerendum
1230 1446 1334 1521 erant,
1453 1501 1454 1524 ,

298 1544 536 1621 commeatuque
558 1544 680 1605 nostros
701 1538 912 1623 prohiberent.

265 1663 278 1710 r
399 1641 440 1706 X.
487 1641 604 1708 Caesar
630 1642 742 1707 certior
766 1641 870 1708 faetus
891 1644 932 1709 ab
954 1643 1075 1709 'litorio
1098 1663 1224 1709 omnem
1247 1643 1332 1726 equi·

298 1749 398 1808 tatum
421 1749 454 1808 et
474 1744 555 1810 levis
577 1749 754 1810 armaturae
768 1744 932 1830 Numidas,
952 1745 1127 1812 funditores
1141 1745 1332 1830 sagittarios

264 1867 279 1914 a
299 1865 360 1930 que
381 1852 510 1931 pontem
532 1846 669 1912 traducit
689 1853 785 1930 atque
806 1847 849 1912 ad
871 1867 924 1914 eos
947 1847 1117 1913 contendit.
1161 1847 1276 1924 acriter
1295 1846 1331 1912 in

299 1969 336 2015 eo
357 1949 426 2016 loco
447 1956 623 2035 pugnaturn
647 1956 703 2016 est.
730 1949 837 2016 hostes
851 1949 1019 2036 impeditos
1033 1950 1132 2016 nostri
1145 1949 1179 2015 in
1200 1949 1333 2015 flumine
1453 1999 1454 2026 2

130 2071 132 2076 ’
265 2073 281 2120 e
298 2053 441 2137 aggressi
462 2073 613 2136 magnum
629 2073 736 2118 eorum
750 2071 915 2117 numerum
930 2052 1125 2138 occiderunt3
1151 2073 1209 2138 per
1224 2071 1331 2117 eorum

300 2174 430 2238 corpora
443 2155 580 2238 reliquos
594 2154 804 2220 audacissime
818 2155 951 2220 tranum
966 2161 1117 2222 conantes
1130 2153 1332 2220 multitudine

300 2257 433 2322 telorum
461 2257 679 2342 reppulerunt;
712 2256 839 2341 primos,
870 2258 925 2341 qui
957 2258 1159 2336 transierant,
1189 2255 1332 2340 equitatu

267 2381 284 2429 s
302 2359 532 2426 circumventos
545 2359 779 2425 interfecerunt.
806 2359 922 2444 hostes,
944 2360 1000 2426 ubi
1016 2365 1047 2424 et
1061 2360 1102 2425 de
1118 2358 1333 2444 expugnando
1453 2381 1454 2384 ¹

301 2460 418 2548 oppido
447 2468 479 2528 et
507 2461 548 2527 de
574 2461 704 2528 flumine
732 2462 924 2529 transeundo
947 2482 1036 2547 spem
1058 2483 1093 2528 se
1114 2462 1265 2530 fefellisse
1286 2461 1332 2526 in-

301 2566 492 2632 tellexerunt
519 2585 623 2650 neque
651 2572 774 2632 nostros
795 2566 829 2630 in
850 2565 954 2632 locum
975 2565 1162 2647 iniquiorem
1184 2565 1331 2650 progredi

301 2669 465 2756 pugnandi
495 2689 591 2735 causa
619 2666 776 2752 viderunt,
806 2675 902 2752 atque
930 2669 1016 2753 ipsos
1047 2687 1099 2734 res
1127 2667 1332 2733 frumentaria

302 2773 436 2839 deficere
458 2772 570 2858 coepit,
594 2771 723 2838 consilio
739 2777 910 2837 convocato
930 2770 1157 2836 constituerunt
1178 2770 1331 2854 optimum
1453 2751 1454 2818 ἶ

303 2871 382 2958 esse,
405 2874 532 2940 domum
555 2894 644 2940 ruam
667 2881 823 2957 quemque
840 2872 956 2938 reuerti
979 2878 1020 2957 et,
1044 2891 1175 2956 quorum
1196 2873 1229 2937 in
1251 2871 1334 2938 fines

301 2978 438 3064 primum
452 2977 587 3043 Romani
609 2977 783 3042 exercitum
803 2975 1062 3060 introduxissent,
1084 2975 1127 3040 ad
1149 2993 1203 3042 eos
1225 2973 1332 3040 defen·
1453 3063 1454 3066 Ἴ

303 3078 424 3145 dendos
452 3078 592 3162 undique
623 3079 801 3163 convenire,
830 3083 866 3144 ut
887 3078 991 3162 potius
1019 3079 1053 3143 in
1082 3078 1147 3144 suis
1176 3097 1271 3161 quam
1297 3077 1332 3142 in
1453 3137 1454 3148 ,

302 3183 416 3249 alienis
444 3182 560 3248 finibus
589 3181 787 3248 decertarent
815 3187 847 3246 et
875 3179 1055 3246 domesticis
1085 3180 1182 3265 copiis
1203 3179 1249 3245 rei
1271 3179 1332 3244 fru-

270 3285 477 3354 omentariae
505 3291 674 3351 uterentur.
718 3283 761 3350 ad
790 3303 860 3350 eam
890 3283 1079 3348 sententiam
1105 3302 1176 3347 curn
1204 3282 1333 3364 reliquis

304 3389 407 3454 causis
432 3388 512 3454 haec
539 3407 662 3472 quoque
682 3387 762 3454 ratio
785 3407 839 3454 eos
861 3384 1002 3470 deduxit,
1034 3383 1117 3468 quod
1138 3383 1332 3450 Divitiacum

304 3499 400 3575 atque
432 3491 560 3558 Aeduos
589 3491 706 3558 finibus
732 3491 969 3556 Bellovacorum
1002 3487 1255 3573 appropinquare
1284 3505 1332 3551 eo-

304 3599 489 3680 gnoverant
533 3594 583 3660 his
604 3592 795 3678 persuaderi,
818 3597 853 3657 ut
875 3591 991 3656 diutius
1013 3596 1207 3656 morarentur
1228 3607 1336 3671 neque

305 3697 371 3764 suis
391 3697 545 3763 auxilium
565 3695 693 3780 ferrent,
715 3715 780 3761 non
801 3700 932 3780 poterat.

200 3855 202 3860 -
273 3822 287 3871 1
407 3801 465 3867 XI.
501 3801 550 3865 Ea
569 3819 605 3865 re
627 3799 804 3884 constituta,
832 3794 971 3863 secunda
992 3795 1102 3878 vigilia
1123 3813 1239 3878 magno
1261 3811 1334 3858 cum

192 3967 193 3970 ,
306 3905 437 3990 strepitu
459 3922 498 3969 ac
519 3902 653 3969 tumultu
676 3901 785 3968 castris
808 3899 925 3983 egressi
946 3897 1032 3962 nullo
1048 3901 1132 3962 certo
1151 3895 1260 3961 ordine
1281 3913 1337 3959 ne·
