2966 4196
480 264 666 320 corrmvrr.
684 220 967 323 onnxrr-xvrs
1172 251 1235 317 145

199 436 327 502 incendi
349 444 502 522 oportere,
526 458 608 521 quae
629 458 694 505 non
716 440 890 512 munitione
913 447 945 506 et
966 442 1028 506 loci
1055 447 1168 507 natura
1190 445 1231 508 ab

198 541 283 606 omni
313 541 376 605 sint
402 540 541 625 periculo
564 547 641 623 tuta,
672 561 735 608 neu
757 543 822 608 suis
844 545 908 608 sint
930 544 972 609 ad
995 543 1232 611 detrectandam

198 643 340 707 militiam
362 644 561 727 receptacula
583 665 645 708 neu
668 647 818 712 Romanis
849 648 1010 732 proposita
1038 648 1081 712 ad
1110 649 1232 732 copiam

198 753 388 812 commeatus
410 745 624 829 praedamque
646 746 825 814 tollendam.
871 750 951 815 haec
980 752 1008 816 si
1036 751 1147 836 gravia
1176 759 1231 816 aut
1252 776 1283 820 ro

197 851 313 915 acerba
334 848 510 930 videantur,
540 850 638 915 multo
667 851 722 915 illa
748 852 876 935 gravius
898 853 1076 934 aestimare,
1106 854 1231 936 liberos,

198 950 346 1036 coniuges
378 952 412 1016 in
445 952 630 1018 servitutem
665 953 820 1037 abstrahi,
857 955 943 1039 ipsos
971 955 1120 1041 interfici,
1151 976 1232 1038 quae

197 1055 238 1140 sit
259 1074 390 1121 necesse
412 1054 556 1120 accidere
578 1055 680 1120 victis,

299 1159 369 1224 XV.
401 1157 549 1224 Omnium
572 1179 727 1224 consensu
748 1158 809 1225 hac
831 1161 990 1226 sententia
1011 1161 1145 1245 probata
1166 1181 1229 1226 uno
1250 1182 1260 1228 1

197 1261 248 1326 die
269 1262 404 1346 amplius
418 1262 483 1326 XX
496 1263 591 1327 urbes
612 1261 789 1346 Biturigum
810 1263 1030 1329 incenduntur.
1065 1263 1125 1330 hoc
1146 1263 1230 1328 idem

197 1365 232 1429 tit
252 1366 286 1428 in
308 1365 437 1448 reliquis
460 1365 649 1430 civitatibus.
694 1365 728 1429 in
751 1365 896 1432 omnibus
918 1367 1061 1450 partibus
1082 1365 1230 1432 incendia
1249 1387 1264 1434 a

197 1468 445 1552 conspiciuntur,
470 1486 551 1550 quae
574 1467 633 1532 etsi
655 1487 772 1550 magno
795 1487 866 1533 curn
888 1466 995 1534 dolore
1017 1489 1127 1534 omnes
1153 1469 1231 1534 fere

197 1573 283 1653 bant,
306 1578 412 1636 tamen
434 1571 495 1637 hoo
517 1571 578 1636 sibi
593 1570 697 1636 solatii
718 1571 947 1654 proponebant,
971 1570 1055 1653 quod
1077 1591 1112 1636 se
1133 1571 1247 1655 prope'

197 1675 360 1758 explorata
381 1675 513 1740 victoria
542 1674 683 1740 celeriter
711 1673 829 1738 amissa
850 1673 1076 1758 reciperaturos
1099 1671 1241 1738 confide·

197 1779 282 1842 bant.
328 1776 517 1845 deliberatur
546 1777 587 1842 de
608 1777 743 1842 Avarico
772 1777 806 1840 in
837 1777 993 1841 communi
1017 1776 1156 1856 concilio,
1186 1776 1264 1844 ine

197 1879 288 1946 cendi
311 1880 450 1964 placeret
471 1899 514 1944 an
536 1879 676 1944 defendi.
721 1880 930 1964 procumbunt
957 1879 1102 1945 omnibus
1132 1879 1264 1947 Galliac

196 1983 238 2048 ad
260 1982 358 2066 pedes
380 1981 548 2066 Bituriges,
579 2002 621 2047 ne
650 1982 892 2066 pulcherrimam
921 2001 1019 2066 prope
1041 1982 1136 2048 totius
1160 1982 1230 2048 Gal-

196 2087 257 2151 liae
279 2085 399 2166 urbem,
423 2105 504 2168 quae
526 2083 684 2169 praesidio
700 2091 731 2150 et
746 2091 929 2150 ornamento
949 2085 990 2150 sit
1013 2084 1142 2166 civitati,
1156 2085 1230 2164 ,suis

195 2188 342 2254 manibus
361 2187 553 2254 succendere
575 2194 774 2273 cogerentur;
797 2187 891 2253 facile
913 2187 1030 2253 soloci
1052 2193 1165 2252 natura
1179 2186 1263 2256 deo

196 2292 339 2357 fensuros
358 2290 477 2372 dicunt,
497 2289 581 2373 quod
600 2311 698 2375 prope
718 2311 760 2356 ex
778 2292 923 2357 omnibus
943 2291 1086 2375 partibus
1100 2290 1230 2356 flumine

197 2402 228 2459 et
248 2393 365 2478 palude
386 2393 580 2459 circumdata
601 2414 699 2458 unum
721 2394 838 2459 lrabeat
860 2400 892 2459 et
917 2400 1144 2479 perangustum
1166 2393 1230 2458 adi-

196 2505 271 2562 tum.
317 2496 408 2561 datur
429 2497 611 2581 petentibus
633 2497 728 2561 venia
750 2496 953 2562 dissuadente
979 2497 1080 2580 primo
1103 2497 1264 2564 Vereins

195 2599 346 2685 getorige,
368 2604 441 2683 post
463 2597 655 2664 concedente
678 2605 709 2664 et
731 2599 877 2684 precibus
898 2599 1037 2683 ipsorum
1060 2605 1092 2664 et
1113 2598 1230 2664 miseri-

196 2701 302 2768 cordia
324 2701 421 2786 vulgi.
464 2697 646 2767 defensores
669 2701 785 2786 oppido
806 2699 913 2766 idonei
935 2701 1125 2786 deligrmtur.

298 2805 385 2869 XVI.
408 2803 647 2888 Vercingetorix
669 2805 843 2870 minoribus
867 2803 1034 2870 Gaesarem
1063 2803 1230 2870 itineribus
1249 2827 1261 2873 1

196 2907 396 2990 subsequitur
427 2913 459 2972 et
488 2907 590 2973 locum
619 2907 730 2973 castris
753 2906 863 2990 deligit
888 2905 1057 2991 paludibus
1079 2908 1231 2990 silvisque

196 3011 350 3076 munitum
372 3011 413 3074 ab
432 3011 568 3077 Avarico
590 3011 683 3095 longe
705 3011 792 3074 milia
813 3029 963 3095 passuum
985 3012 1072 3076 XVI.
1106 3011 1152 3076 ibi
1173 3029 1265 3096 pera

197 3121 297 3180 certos
331 3114 545 3198 exploratores
577 3113 611 3178 in
641 3113 766 3198 singula
795 3112 860 3179 diei
889 3119 1044 3198 tempora,
1078 3133 1160 3196 quae
1188 3111 1230 3177 ad

197 3217 365 3282 Avaricum
394 3223 575 3309 agerentur,
603 3218 814 3300 cognoscebat
843 3223 884 3298 et,
919 3215 994 3298 quid
1026 3215 1095 3282 fieri
1125 3215 1230 3297 vellet,

196 3321 380 3405 imperabat.
411 3340 520 3386 omnen
553 3325 677 3386 nostras
709 3319 930 3404 pabulationes
959 3319 1263 3386 frumentationes-e

198 3443 258 3507 que
295 3424 485 3490 observabat
519 3423 754 3507 dispersosque,
790 3443 860 3488 curn
893 3423 1018 3507 longius
1052 3421 1230 3488 necessario

196 3525 415 3612 procederent,
450 3524 651 3592 adoriebatur
681 3545 859 3610 magnoque
888 3525 1095 3596 incommodo¹
1115 3524 1230 3590 officie

195 3629 261 3711 bat,
285 3629 353 3712 etsi,
376 3634 529 3710 quantum
558 3628 680 3695 ratione
709 3623 867 3713 provideri
895 3633 1028 3713 poterat,
1050 3627 1092 3694 ab
1115 3627 1230 3693 nostris

196 3732 424 3812 occurrebatur,
454 3737 490 3795 ut
511 3731 639 3798 incertis
667 3730 861 3815 temporibus
890 3729 1086 3814 diversisque
1114 3729 1229 3795 itineri·
1289 3747 1291 3751 ’

198 3837 256 3901 bus
277 3836 383 3900 iretur.

249 3945 365 3995 Caesar,
379 3944 406 3986 ‹le
420 3944 478 3986 ballo
493 3943 582 3985 Gallico.
1043 3941 1074 3988 10
