2966 4196
281 223 344 288 134
614 235 664 290 DE
682 235 798 290 BELLO
816 235 977 290 GALLIOO

245 433 259 480 1
382 408 548 474 XXXVII.
573 408 642 472 Hoc
663 407 733 490 Ipso
754 412 895 490 ternpore
917 412 949 470 et
971 425 1046 471 casu
1061 405 1211 472 Germani
1227 408 1311 489 eqni-

278 519 327 578 tes
355 510 570 576 interveniunt
598 509 803 606 protinusque
833 508 944 574 eodem
972 509 1035 592 illo,
1063 529 1124 592 quo
1147 519 1311 592 venerant,

279 633 371 680 cursu
393 614 434 678 ab
458 612 633 678 decumana
654 617 745 697 porta
766 611 801 676 in
824 618 927 678 castra
952 611 1125 696 irrumpere
1148 617 1311 693 conantur,

243 737 338 786 aneo
359 716 446 800 prius
469 721 541 781 sunt
560 715 621 780 visi
643 714 774 780 obiectis
795 715 835 780 ab
860 735 898 780 ea
919 721 1009 800 parte
1025 715 1121 797 silvis,
1145 735 1240 798 quam
1262 735 1311 780 ca

279 820 351 885 stris
366 819 664 904 appropinquarent,
680 837 780 902 usque
796 837 833 884 eo
847 823 892 903 ut,
909 817 963 902 qui
978 819 1036 883 sub
1049 819 1132 884 vallo
1143 817 1311 883 tenderent

243 943 260 990 s
279 929 475 1003 mercatores,
491 921 665 1006 recipiendi
680 921 729 988 sui
743 921 925 987 facultatem
939 941 1005 988 non
1025 920 1188 986 haberent.
1211 921 1311 1005 inopi·

277 1032 390 1090 nantes
412 1025 511 1091 nostri
530 1045 565 1090 re
583 1045 668 1092 nova
682 1026 915 1110 perturbantur,
938 1044 977 1090 ao
991 1023 1048 1091 vix
1063 1023 1199 1109 primum
1213 1024 1309 1108 impe·

242 1134 344 1196 etum
359 1128 469 1194 cohors
490 1129 524 1193 in
543 1129 678 1194 statione
700 1127 843 1193 sustinet.
867 1126 1159 1192 circumfunduntur
1181 1147 1222 1192 ex
1241 1127 1309 1192 reli-

278 1231 349 1312 quis
370 1231 476 1296 hostes
498 1230 650 1314 partibus,
677 1229 704 1296 si
731 1250 824 1312 quem
852 1229 974 1295 aditum
1002 1229 1140 1314 reperire
1169 1238 1307 1315 possent.

242 1355 259 1402 s
277 1353 373 1416 aegre
388 1339 494 1416 portas
509 1333 607 1398 nostri
621 1339 761 1418 tuentur3
784 1333 920 1416 reliquos
934 1332 1039 1398 aditus
1060 1333 1147 1398 loous
1168 1333 1309 1418 ipseper

242 1456 258 1503 o
278 1455 312 1500 se
327 1436 521 1518 munitioque
536 1435 687 1501 defendit.
704 1435 777 1501 totis
792 1435 967 1519 trepidatur
982 1436 1101 1516 castris,
1117 1441 1213 1520 atque
1227 1435 1309 1502 alius

278 1558 318 1601 cx
340 1539 402 1604 alio
425 1559 552 1604 oausam
574 1539 724 1604 tumultus
740 1539 875 1624 quaerit,
898 1558 1001 1621 neque
1017 1559 1078 1621 quo
1093 1539 1186 1622 signa
1207 1538 1309 1604 ieran-

277 1651 336 1722 tur,
360 1661 463 1723 neque
487 1661 581 1724 quam
595 1641 628 1705 in
644 1647 766 1726 partem
782 1641 914 1724 quisque
930 1641 1106 1723 conveniat,
1129 1641 1306 1726 provident.

242 1744 357 1811 salius
380 1751 483 1809 castra
512 1745 576 1808 iam
599 1751 691 1828 capta
712 1745 904 1828 pronuntiat,
933 1743 1014 1808 alius
1040 1742 1143 1808 deleto
1166 1739 1306 1810 exercitu

240 1867 258 1914 s
275 1853 371 1929 atque
392 1847 581 1932 imperatore
596 1847 729 1913 victores
744 1848 894 1913 barbaros
909 1845 1036 1912 venisse
1052 1845 1214 1912 contendit
1219 1871 1227 1933 3
1242 1849 1305 1932 ple

275 1949 365 2031 rique
386 1971 486 2016 novas
508 1950 568 2016 sibi
592 1970 632 2015 ex
655 1950 722 2014 loco
745 1949 913 2034 religiones
934 1949 1059 2032 fingunt
1079 1949 1252 2034 Cottaeque
1274 1958 1308 2016 et

274 2053 387 2116 'liturii
403 2053 622 2136 calamitatem,
643 2053 696 2135 qui
718 2053 752 2117 in
768 2051 878 2117 eodem
893 2051 1064 2117 occiderint
1079 2053 1215 2135 castello,
1229 2059 1317 2120 ante·

240 2174 257 2221 s
275 2155 380 2218 oculos
395 2161 524 2238 ponunt.
555 2155 610 2218 tali
632 2155 743 2220 timore
757 2155 902 2220 omnibus
916 2155 1089 2238 perterritis
1105 2155 1306 2222 confirmatur

274 2256 380 2338 opinio
401 2257 554 2338 barbaris,
576 2263 611 2321 ut
633 2276 674 2322 ex
691 2257 814 2341 captivo
835 2256 1010 2342 audierant,
1033 2257 1153 2322 nullum
1168 2277 1238 2324 esse
1258 2259 1305 2324 in-

224 2377 257 2425 ro
275 2362 325 2422 tus
353 2357 554 2441 praesidium.
582 2379 783 2444 perrumpere
812 2359 955 2424 nituntur
984 2379 1081 2443 seque
1110 2359 1172 2446 ipsi
1193 2360 1304 2428 adhor-

274 2465 389 2544 tantur,
413 2481 454 2526 ne
473 2467 593 2526 tantam
615 2461 774 2527 fortunam
797 2481 838 2527 ex
859 2462 1006 2528 manibus
1029 2461 1198 2528 dimittant.

241 2583 254 2630 r
376 2564 559 2630 XXXVIII.
575 2565 652 2629 Erat
666 2585 762 2649 aeger
777 2585 848 2630 cum
862 2564 1020 2650 praesidio
1034 2565 1161 2632 relictus
1172 2567 1303 2634 Publius

126 2653 129 2658 ¹
215 2701 219 2706 ·
272 2666 401 2733 Sextius
416 2668 561 2750 Baculus,
586 2668 639 2750 qui
653 2668 789 2753 primum
803 2668 901 2752 pilum
916 2667 959 2733 ad
974 2669 1142 2735 Gaesarem
1156 2668 1301 2752 duxerat,

273 2769 361 2834 cuius
383 2757 574 2836 mentionem
597 2771 808 2854 superioribus
830 2770 956 2854 proeliis
982 2769 1124 2853 fecimus,
1153 2792 1192 2838 ao
1217 2772 1301 2839 diem

236 2871 335 2939 aiam
358 2873 501 2954 qulntum
517 2873 586 2938 cibo
607 2879 757 2938 caruerat.
785 2873 837 2938 hic
862 2872 985 2940 diffisus
1010 2893 1086 2939 suae
1114 2881 1210 2957 atque
1239 2897 1301 2942 om-

271 2974 358 3038 nium
388 2975 481 3040 saluti
506 2975 635 3040 inermis
658 2995 699 3041 ex
721 2976 923 3042 tabernaculo
944 2975 1062 3062 prodit3
1085 2977 1174 3042 videt
1202 2978 1301 3044 immi·

270 3096 346 3141 nere
376 3076 482 3142 hostes
503 3083 599 3160 atque
620 3077 654 3142 in
677 3097 799 3143 summo
819 3098 888 3144 esse
909 3099 976 3144 rem
999 3077 1192 3166 discrimine;
1216 3081 1301 3166 capit

235 3199 359 3247 sanna
380 3199 401 3242 a
422 3179 573 3263 proximis
594 3187 699 3263 atque⁴
711 3182 744 3246 in
766 3188 857 3266 porta
872 3181 1020 3247 consistit.
1066 3190 1301 3266 consequuntur

269 3280 354 3344 bunc
384 3282 581 3348 centuriones
612 3284 678 3349 eius
704 3283 848 3368 cohortis,
879 3304 960 3366 quae
989 3284 1023 3348 in
1053 3285 1187 3352 statione
1217 3293 1300 3374 erat;

235 3403 251 3449 r
269 3383 429 3466 paulisper
450 3404 515 3449 una
535 3386 688 3468 proelium
713 3387 876 3452 sustinent.
911 3387 1059 3470 relinquit
1083 3389 1208 3455 animus
1223 3391 1299 3457 Sex-

269 3485 347 3549 tium
361 3485 512 3568 gravibus
527 3489 665 3572 acceptis
683 3489 879 3574 vulneribus;
898 3509 994 3574 aegre
1013 3510 1070 3575 per
1089 3512 1201 3558 manus
1220 3498 1299 3558 trae

1 3679 2 3686 ἵ
119 3579 120 3582 '
231 3609 250 3653 s
269 3593 319 3652 tus
334 3593 484 3654 servatur.
512 3588 571 3656 hoc
586 3591 687 3675 spatio
701 3591 885 3676 interposito
900 3591 1012 3675 reliqui
1027 3613 1097 3659 sese
1112 3595 1300 3661 confirmant

269 3695 399 3772 tantum,
414 3691 497 3756 utin
518 3692 742 3758 munitionibus
762 3693 931 3759 consistere
945 3693 1083 3760 audeant
1097 3696 1300 3780 speciemque

266 3790 469 3858 defensorum
490 3795 671 3878 praebeant.
