2966 4196
232 157 294 221 104
564 173 613 227 DE
630 172 746 228 13an
765 173 927 228 GALLICO
962 225 965 230 i

197 369 208 413 1
331 346 484 410 XXXIX.
515 347 627 428 Itaque
650 345 817 412 confestim
840 345 978 412 dimissis
993 347 1113 413 nuntiis
1128 346 1170 413 ad
1187 349 1263 414 Ceu·

228 453 343 532 trones,
375 446 519 532 Grudios,
550 449 701 530 hevaeos,
732 448 943 532 Pleumoxior,
974 449 1177 534 Geidumnos,
1209 451 1263 532 qui

228 571 337 617 omnes
364 551 421 617 sub
450 570 558 616 eorum
583 550 715 636 imperio
743 557 825 635 sunt,
854 571 948 634 quarn
971 551 1128 618 maximas
1150 573 1263 618 manus

226 659 367 742 possunt,
398 659 514 738 cogunt
545 660 577 719 et
605 653 646 719 de
675 654 845 739 improviso
875 653 918 720 ad
941 654 1100 721 Ciceronis
1129 653 1263 720 hiberna

226 757 389 840 advolant,
411 755 551 822 nondum
574 755 617 822 ad
639 776 711 822 eum
733 756 820 822 fama
835 757 875 822 de
888 757 1001 822 'liturii
1016 764 1115 822 morte
1129 758 1260 843 perlata.

193 880 208 926 a
227 858 301 924 huic
315 879 438 944 quoque
453 859 577 945 accidit,
601 859 685 943 quod
700 860 759 924 fuit
774 847 913 944 necesse,
929 866 964 924 ut
978 861 1121 925 nonnulli
1136 861 1260 943 militen,

229 963 281 1045 qui
310 962 494 1048 lignationis
523 963 769 1045 munitionisque
799 983 895 1028 causa
924 963 957 1027 in
985 963 1082 1029 silvas
1104 962 1262 1030 discessis-

193 1071 311 1150 ssent,
345 1065 510 1150 repentino
545 1066 684 1148 equiturn
717 1065 858 1131 adventu
890 1066 1159 1151 interciperentur.
1211 1067 1262 1132 his

227 1168 449 1235 circumventis
479 1188 597 1253 magna
625 1188 721 1233 manu
750 1169 924 1252 Eburones,
954 1169 1074 1250 Nervii,
1105 1168 1262 1236 Aduatuci

225 1279 321 1356 atque
335 1271 447 1337 horum
461 1271 601 1337 omnium
616 1272 692 1338 socii
708 1277 739 1338 et
754 1273 885 1338 clientes
903 1272 1062 1358 legionem
1078 1293 1261 1358 oppugnare

191 1373 388 1460 sincipiunt.
434 1375 533 1441 nostri
563 1375 705 1442 celeriter
734 1375 777 1441 ad
806 1397 894 1441 arma
923 1383 1120 1460 concurrunt,
1143 1377 1261 1441 vallum

226 1475 450 1545 conscendunt.
496 1497 592 1563 aegre
621 1477 650 1544 is
679 1477 748 1544 dies
781 1485 982 1564 sustentatur,
1018 1478 1102 1563 quod
1134 1499 1261 1546 omnem

226 1601 314 1666 sporn
343 1580 450 1648 hostes
479 1580 513 1645 in
543 1579 704 1646 celeritate
733 1581 894 1666 ponebant
923 1589 1018 1665 atque
1047 1581 1132 1648 banc
1152 1581 1260 1668 adepti

225 1683 388 1750 victoriam
410 1684 444 1748 in
467 1690 654 1769 perpetuum
677 1704 712 1750 se
733 1683 801 1750 fore
823 1684 958 1751 victores
981 1685 1190 1751 confidebant.

192 1809 205 1855 1
327 1787 395 1852 XL.
426 1787 592 1852 Mittuntur
613 1786 656 1852 ad
672 1787 840 1855 Gaesarem
863 1788 1029 1854 confestim
1051 1788 1093 1854 ab
1110 1789 1261 1856 Cicerone

224 1890 347 1956 litterae
378 1889 553 1974 nuntiique,
586 1891 711 1976 magnis
740 1891 907 1976 propositis
939 1891 1098 1976 praemiis,
1134 1892 1161 1958 si
1194 1913 1261 1978 per·

190 2015 206 2062 a
224 1993 384 2078 tulissent;
400 1993 537 2060 obsessis
552 1993 699 2060 omnibus
714 1994 775 2060 viis
790 1994 878 2060 missi
893 1994 1143 2080 intercipiuntur.
1166 2001 1261 2062 noctu

225 2115 267 2162 ex
288 2095 429 2180 materia,
453 2115 549 2178 quam
571 2096 753 2162 munitionis
776 2116 872 2162 causa
894 2103 1177 2182 comportaverant,
1200 2104 1260 2164 tnr-

224 2218 275 2264 res
300 2199 343 2262 ad
369 2217 534 2262 numerum
562 2197 652 2263 CXX
679 2199 857 2264 excitantur
878 2199 1057 2265 incredibili
1085 2201 1258 2287 celeritate,

189 2320 307 2384 aquae
337 2295 449 2366 deesse
478 2300 565 2384 operi
586 2299 785 2383 videbantur,
815 2301 1027 2386 perficiuntur.
1073 2303 1179 2370 hostes
1207 2325 1260 2390 po-

224 2409 306 2470 stero
329 2403 381 2469 die
403 2403 501 2469 multo
516 2403 686 2470 maioribus
701 2404 817 2470 coactis
832 2405 931 2490 copiis
946 2411 1049 2472 castra
1064 2413 1258 2492 oppugnant,

224 2507 342 2574 fossam
365 2507 531 2591 complent.
574 2505 685 2572 eadem
707 2507 839 2591 ratione,
863 2529 925 2591 qua
946 2507 1058 2594 pridie,
1081 2509 1123 2574 ab
1145 2511 1259 2575 nostris

189 2610 384 2679 erasistitnr.
429 2608 490 2675 boc
511 2608 597 2675 idem
618 2610 748 2693 reliquis
770 2610 921 2696 deinceps
943 2611 979 2676 fit
1006 2611 1125 2677 diebus.
1172 2613 1259 2677 nulla

189 2733 297 2798 opars
330 2713 475 2779 nocturni
509 2713 659 2798 temporis
688 2713 730 2778 ad
759 2715 899 2780 laborem
932 2714 1160 2798 intermittitur;
1194 2736 1258 2780 non

188 2817 336 2902 oaegris,
359 2837 424 2882 non
445 2816 619 2882 vulneratis
645 2816 779 2882 facultas
808 2818 921 2899 quietis
948 2817 1048 2882 datur.
1094 2837 1248 2899 quaecum

224 2940 284 3003 quc
313 2919 355 2986 ad
384 2920 521 3006 proximi
551 2919 614 2986 diei
644 2920 912 3004 oppugnationem
942 2940 1021 3004 opus
1051 2925 1133 3002 sunt,
1163 2927 1258 2984 noctu

223 3030 456 3110 comparantur;
480 3024 597 3088 multae
619 3029 786 3108 praeustae
808 3023 911 3106 sudes,
935 3042 1070 3106 magnus
1092 3021 1257 3086 muralium

222 3126 355 3211 pilorum
377 3147 526 3193 numerus
540 3125 727 3212 instituitur;
750 3132 851 3191 turres
867 3125 1116 3210 oontabrdantur,
1140 3124 1259 3208 pinnae

188 3229 399 3311 tlonicaeque
422 3249 463 3294 ex
490 3229 628 3296 cratibus
654 3235 846 3295 attexuntur.
877 3229 946 3313 ipse
973 3229 1091 3310 Cicero,
1120 3249 1190 3293 curn
1217 3235 1258 3294 te·

221 3333 374 3398 unissima
388 3332 569 3398 valetudine
585 3339 678 3414 esset,
701 3353 743 3398 ne
757 3339 945 3398 nocturnum
961 3330 1088 3414 quidem
1104 3332 1165 3398 sibi
1183 3339 1258 3397 tem·

221 3455 281 3521 pus
310 3435 352 3502 ad
382 3435 520 3518 quietem
548 3436 757 3519 relinquebat,
789 3442 824 3500 ut
845 3436 926 3500 ultro
949 3435 1083 3500 militum
1106 3455 1258 3500 concursu

221 3558 260 3606 ac
281 3539 412 3605 vocibus
435 3539 496 3605 sibi
518 3559 648 3624 parcere
671 3545 842 3623 cogeretur.

189 3664 202 3711 1
325 3644 409 3709 XLI.
459 3643 550 3708 Tunc
584 3641 680 3708 duces
712 3643 934 3728 principesque
968 3641 1169 3725 Nerviorum,
1204 3640 1258 3724 qui

221 3746 357 3830 aliquem
380 3747 533 3814 sermonis
554 3746 675 3814 aditum
698 3767 888 3831 causamque
903 3745 1062 3812 amicitiae
1085 3766 1157 3810 eum
1173 3744 1258 3812 Cice
