2936 4192
486 165 592 220 court.
606 166 628 220 I.
647 166 729 221 CAP.
742 166 977 222 XXXVII—XL.
1204 153 1244 216 23

212 339 303 404 timor
330 358 454 404 omnem
483 338 654 404 exercitum
682 339 857 424 occupavit,
887 346 922 404 ut
951 360 1013 406 non
1047 340 1244 407 mediocriter

211 442 348 507 omnium
366 447 488 508 mentes
501 441 686 524 animosque
702 442 907 526 perturbaret.
939 442 990 508 hic
1004 443 1138 528 primum
1159 451 1244 510 ortus
1263 468 1277 514 a

211 551 259 610 est
273 565 293 610 a
308 545 442 610 tribunis
461 545 604 630 militum,
625 545 792 630 praefectis
811 545 1010 632 reliquisque,
1034 548 1085 631 qui
1108 567 1147 612 ex
1167 549 1244 613 urbe

210 648 367 714 amicitiae
383 669 478 714 causa
494 649 660 714 Caesarem
681 649 778 714 secuti
800 669 862 714 non
886 670 1035 734 magnum
1058 651 1091 716 in
1114 671 1148 715 re
1168 652 1244 716 mili-

211 752 269 816 tari
292 772 381 817 usum
404 751 579 816 habebant:
603 771 732 834 quorum
749 751 829 816 alius
844 752 907 816 alia
921 773 1016 820 causa
1030 753 1126 838 illata,
1151 775 1243 837 quam
1262 776 1277 823 s

210 855 271 920 sibi
293 854 334 920 ad
357 855 617 939 proficiscendum
639 855 849 922 necessariam
871 876 939 922 esse
954 855 1080 941 diceret,
1105 858 1243 942 petebat,

210 964 245 1022 ut
272 959 338 1024 eius
361 959 522 1024 voluntate
545 957 706 1024 discedere
728 958 850 1044 liceret;
878 961 1019 1026 nonnulli
1046 961 1165 1046 pudore
1192 962 1244 1028 ad·

211 1063 306 1146 ducti,
334 1069 368 1128 ut
397 1063 516 1128 timoris
544 1063 753 1147 suspicionem
777 1063 923 1147 vitarent,
950 1065 1166 1130 remanebant.
1211 1065 1278 1134 hic

211 1185 313 1248 neque
344 1166 463 1230 vultum
493 1165 613 1248 lingere
643 1186 746 1249 neque
777 1167 934 1232 interdum
964 1167 1110 1233 lacrimas
1136 1174 1243 1234 tencre

211 1275 368 1353 poterant:
395 1269 496 1334 abditi
523 1269 555 1334 in
580 1269 789 1336 tabernaculis
816 1277 871 1336 aut
897 1291 986 1337 suum
1014 1271 1114 1336 latum
1139 1291 1243 1354 quere·
1289 1329 1291 1334 .

212 1374 325 1438 bantur
357 1378 412 1437 aut
445 1392 514 1437 cum
543 1372 751 1438 familiaribus
784 1374 848 1439 suis
878 1393 1042 1439 commune
1072 1374 1243 1459 periculum

211 1475 446 1541 miserabantur.
500 1475 594 1559 vulgo
628 1476 701 1542 totis
735 1478 844 1542 castris
878 1483 1067 1542 testamenta
1100 1478 1244 1561 obsigna-

211 1581 333 1645 bantur.
372 1579 480 1644 horum
501 1579 631 1646 vocibus
650 1600 688 1645 ac
710 1580 820 1646 timore
842 1581 993 1665 paulatim
1017 1581 1111 1646 etiarn
1133 1581 1165 1664 ii,
1189 1582 1242 1663 qui
1261 1603 1276 1649 s

212 1705 359 1767 magnum
387 1684 419 1747 in
446 1683 556 1748 castris
581 1704 670 1750 usum
699 1683 870 1766 habebant,
898 1684 1012 1749 milites
1035 1684 1244 1750 centuriones·

212 1807 272 1870 que
295 1787 408 1870 quique
436 1787 585 1868 equitatui
609 1793 784 1871 praeerant,
813 1787 1084 1870 perturbabantur.
1131 1787 1182 1869 qui
1207 1807 1278 1854 sec

212 1911 252 1954 cx
274 1889 323 1956 his
345 1890 448 1954 minus
468 1889 594 1955 timidos
615 1889 786 1955 existimari
807 1889 965 1970 volebant,
988 1909 1051 1954 non
1071 1909 1106 1954 se
1121 1889 1243 1954 hostem

212 1994 321 2076 vereri,
349 1992 406 2058 sed
428 1994 591 2076 augustias
614 1993 734 2058 itineris
757 1999 792 2076 et
811 1990 1060 2076 magnitudinem
1083 1991 1244 2076 silvarum,

213 2117 292 2180 quae
314 2095 543 2161 intercederent
565 2097 645 2161 inter
664 2097 750 2180 ipsos
768 2103 862 2178 atquc
878 2096 1080 2180 Ariovistum,
1103 2101 1158 2160 aut
1176 2116 1244 2160 rem

212 2200 456 2284 frumentariam,
476 2206 511 2264 ut
530 2199 607 2264 satis
627 2198 789 2264 commode
804 2200 980 2283 supportari
995 2205 1110 2284 posset,
1133 2199 1244 2264 timcre

155 2389 158 2394 .
212 2303 368 2369 dicebaut.
402 2303 544 2368 nonnulli
568 2303 661 2368 etiam
686 2303 813 2369 Caesari
836 2303 1027 2387 nuntiarant,
1050 2323 1120 2368 cum
1143 2309 1245 2368 castra
1263 2323 1284 2369 c·

212 2408 329 2472 moveri
349 2426 386 2471 ac
405 2406 498 2490 signa
519 2406 593 2471 ferri
616 2406 771 2491 iussisset,
794 2426 857 2470 non
880 2404 946 2471 fore
969 2405 1052 2471 dicto
1074 2405 1238 2470 audientes

212 2510 326 2575 milites
350 2529 452 2591 neque
474 2516 600 2594 propter
623 2509 765 2574 timorem
788 2508 881 2592 signa
902 2509 1027 2574 laturos.

316 2614 381 2677 XL.
417 2613 505 2678 Haec
536 2632 606 2677 cum
640 2610 929 2694 animadvertisset,
968 2617 1137 2675 convocato
1176 2630 1276 2679 con-1

212 2717 280 2782 silio
303 2715 503 2797 omniumque
530 2713 674 2779 ordinum
696 2713 737 2778 ad
760 2713 793 2778 id
815 2713 977 2779 consilium
1000 2711 1151 2778 adhibitis
1175 2732 1245 2777 cen-

213 2819 394 2901 tmiouibus,
418 2818 622 2883 vehementer
645 2837 698 2882 cos
721 2817 890 2882 incusavit:
917 2816 1051 2900 primum
1075 2815 1168 2899 quod,
1191 2822 1245 2880 aut

214 2943 307 3006 quam
329 2923 361 2986 in
384 2929 505 3007 partem
531 2928 585 2986 aut
607 2941 668 3003 quo
696 2920 823 2986 consilio
847 2919 1042 3003 ducerentur,
1070 2918 1130 2985 sibi
1154 2938 1245 3002 quae·

123 3085 126 3092 ,
213 3025 344 3091 rendum
364 3032 418 3090 aut
437 3023 637 3109 cogitandum
657 3029 813 3108 putarent.
849 3022 1041 3088 Ariovistum
1062 3042 1096 3088 se
1119 3023 1245 3088 musula
1264 3044 1282 3090 a

214 3128 414 3213 cupidissime
428 3128 535 3213 populi
550 3127 684 3192 Romani
699 3126 869 3192 amicitiam
891 3127 1064 3210 appetisse:
1088 3146 1141 3190 cur
1162 3126 1246 3190 hunc

214 3239 278 3298 tam
300 3240 418 3298 temere
445 3232 609 3314 quisquam
636 3230 677 3294 ab
706 3229 810 3295 officio
833 3228 1042 3295 discessurum
1070 3229 1245 3294 iudicaret?

214 3335 274 3401 sibi
304 3336 429 3419 quidem
460 3333 656 3420 persuaderi,
691 3333 824 3418 cognitis
858 3334 921 3399 suis
955 3333 1119 3416 postulatis
1151 3339 1245 3414 atque
1263 3353 1283 3398 a·

214 3439 372 3522 aequitate
395 3438 612 3504 condicionum
634 3443 800 3522 perspecta
822 3456 893 3501 eum
917 3456 1019 3517 neque
1039 3455 1128 3501 suam
1143 3454 1245 3517 neque

215 3544 321 3629 populi
350 3542 484 3608 Romani
513 3541 647 3625 gratiam
677 3539 920 3624 repudiaturum.
974 3537 1058 3621 quod
1087 3538 1113 3604 si
1142 3537 1280 3606 furores

215 3653 309 3731 atque
335 3644 474 3711 amentia
501 3643 653 3729 impulsus
680 3643 796 3708 bellum
824 3641 989 3724 intulisset,
1021 3640 1097 3724 quid
1118 3640 1244 3706 tandem

215 3749 420 3816 vererentur?
442 3754 497 3812 aut
515 3767 570 3812 cur
589 3745 629 3811 de
644 3767 701 3812 sua
715 3746 830 3810 virtute
845 3750 899 3808 aut
914 3743 954 3808 de
968 3744 1067 3829 ipsius
1082 3743 1248 3826 diligentia
