2966 4196
292 240 333 304 98
621 253 805 308 nnnnnno
823 249 984 306 GALLICO

291 430 435 497 Caesaris
457 428 499 493 ad
520 428 736 511 Ambiorigem
758 425 914 490 ventitare
937 428 1116 507 consuerat,
1140 421 1226 507 apud
1248 441 1325 504 quos

256 555 271 600 a
290 532 455 597 Ambiorix
477 530 519 596 ad
541 530 626 594 hunc
640 529 768 595 modum
789 529 910 594 locutus
933 533 994 592 est:
1018 545 1087 592 sese
1109 545 1165 610 pro
1181 525 1325 591 Caesaris

289 635 324 700 in
346 654 380 700 se
401 634 565 700 beneficiis
586 633 755 718 plurimum
777 632 807 696 ei
830 631 973 696 confiteri
994 629 1120 710 debere,
1152 627 1236 711 quod
1258 629 1325 694 eius

290 757 386 822 opera
409 735 565 821 stipendio
587 736 736 802 liberatus
760 741 851 816 esset,
875 733 959 816 quod
977 732 1161 814 Aduatucis,
1184 731 1325 798 finitimis

291 841 365 922 suis,
396 839 535 924 pendere
565 844 755 920 consuesset,
787 835 933 920 quodque
956 835 985 900 ei
1009 841 1040 900 et
1061 835 1144 900 filius
1167 841 1199 900 et
1220 834 1325 900 fratris

290 944 372 1008 filius
393 944 434 1009 ab
459 944 594 1009 Caesare
617 942 739 1007 remissi
762 946 876 1022 essent,
901 959 979 1022 quos
1001 938 1159 1004 Aduatuci
1181 937 1325 1004 obsidum

290 1066 420 1111 numero
442 1047 554 1111 missos
575 1043 662 1129 apud
677 1064 711 1109 se
733 1033 766 1108 in
787 1043 938 1108 servitute
953 1047 985 1107 et
1000 1041 1121 1107 catenis
1136 1041 1324 1126 tenuissent;

256 1169 394 1233 cneque
422 1148 465 1233 id,
497 1148 580 1232 quod
609 1148 719 1214 fecerit
748 1147 789 1212 de
811 1146 1045 1231 oppugnatione
1068 1153 1248 1227 castrorum,
1270 1154 1326 1212 aut

291 1251 407 1317 iudicio
439 1259 495 1316 aut
526 1251 689 1317 voluntate
718 1271 775 1339 sua
804 1251 927 1332 iecisse,
959 1249 1016 1316 sed
1046 1255 1156 1315 coactu
1178 1249 1324 1331 civitatis,

292 1373 410 1437 suaque
440 1375 509 1420 esse
539 1354 691 1420 eiusmodi
720 1353 862 1440 imperia,
895 1360 930 1418 ut
964 1373 1027 1418 non
1061 1353 1165 1418 minus
1194 1353 1326 1420 haberet

257 1479 273 1524 4
291 1458 367 1523 iuris
388 1459 422 1522 in
445 1478 480 1524 se
501 1456 675 1542 multitudo,
699 1478 793 1541 quam
808 1457 925 1542 ipsein
940 1455 1182 1521 multitudinem.
1206 1457 1326 1522 civitati

290 1581 381 1646 porro
410 1561 493 1627 hanc
519 1561 616 1627 fuisse
643 1560 718 1627 belli
745 1580 883 1642 causam,
907 1559 991 1642 quod
1018 1559 1202 1643 repentinae
1225 1560 1325 1626 Gallo

291 1684 360 1729 rum
393 1664 599 1730 coniurationi
633 1664 778 1730 resistere
810 1683 875 1728 non
907 1663 1052 1746 potuerit.
1098 1661 1132 1726 id
1165 1683 1200 1728 se
1233 1664 1326 1730 facile

292 1787 333 1833 ex
363 1766 539 1832 humilitate
571 1787 629 1832 sua
661 1768 795 1852 probare
827 1785 929 1851 posse,
965 1765 1048 1848 quod
1082 1786 1146 1830 non
1176 1765 1256 1832 adeo
1285 1767 1326 1833 sit

292 1871 453 1954 imperitus
493 1890 613 1952 rerum,
654 1877 689 1935 ut
723 1869 788 1936 suis
826 1869 924 1954 copiis
961 1869 1111 1953 populum
1150 1871 1326 1935 Romanum

257 1974 432 2058 esuperari
464 1993 557 2058 posse
591 1973 736 2038 confidat.
791 1972 848 2038 sed
889 1993 958 2038 esse
1000 1972 1121 2037 Calliae
1162 1993 1326 2038 commune

292 2077 468 2140 consilium:
491 2077 636 2142 omnibus
657 2076 798 2142 hibernis
825 2076 969 2142 Caesaris
995 2075 1216 2160 oppugnandis
1241 2076 1326 2142 hunc

292 2197 361 2244 esse
384 2178 502 2243 dictum
524 2178 618 2260 diem,
648 2199 689 2243 ne
712 2199 774 2261 qua
795 2179 878 2262 legio
901 2180 1018 2243 alterae
1039 2179 1156 2262 legioni
1186 2179 1325 2246 subsidio

258 2281 401 2350 evenire
429 2288 544 2365 posset.
590 2302 654 2347 non
677 2281 773 2346 'facile
797 2281 902 2346 Callos
918 2281 1015 2347 Callis
1037 2302 1155 2365 negare
1177 2283 1324 2366 potuisse,

291 2385 476 2468 praesertim
506 2404 577 2449 cum
606 2384 647 2450 de
676 2385 881 2469 reciperanda
903 2385 1060 2450 communi
1089 2385 1234 2451 libertate
1257 2407 1325 2452 eon-

259 2488 396 2555 tsilium
429 2488 541 2552 initum
571 2487 737 2552 videretur.
789 2489 902 2571 quibus
936 2489 1083 2572 quoniam
1116 2509 1172 2572 pro
1208 2490 1325 2574 pietate

291 2590 487 2675 satisfecerit,
515 2590 633 2657 habere
662 2612 746 2656 nunc
776 2611 810 2657 se
839 2591 992 2657 rationem
1022 2591 1118 2656 officii
1146 2613 1203 2675 pro
1233 2593 1325 2658 bene

227 2776 229 2780 Ι
291 2693 371 2760 ficiis
391 2695 546 2760 Caesaris:
569 2714 707 2776 monere,
735 2715 823 2760 orare
849 2695 1004 2760 Titurium
1032 2715 1088 2778 pro
1117 2693 1262 2778 hospitio,
1291 2703 1327 2760 ut

257 2817 368 2866 asuae
389 2819 427 2863 ac
456 2798 589 2863 militum
611 2798 703 2864 saluti
729 2799 879 2864 consulat.
917 2819 1066 2882 magnam
1095 2818 1223 2862 manum
1253 2798 1326 2864 Cer-

291 2921 455 2966 manorum
492 2900 677 2966 conductam
718 2901 863 2966 Rhenum
900 2901 1067 2986 transisse3
1109 2901 1193 2966 hanc
1229 2903 1326 2968 affore

257 3003 396 3071 obiduo.
438 3005 576 3088 ipsorum
609 3025 677 3070 esse
711 3005 889 3085 eonsilium,
923 3005 1064 3070 velintne
1096 3006 1197 3089 prius,
1232 3027 1326 3088 quam

292 3107 417 3172 finitimi
454 3107 605 3191 sentiant,
640 3106 768 3173 eductos
801 3127 842 3172 ex
876 3107 1017 3174 hibernis
1050 3109 1164 3173 milites
1196 3116 1252 3173 aut
1284 3108 1326 3173 ad

293 3210 476 3275 Ciceronem
508 3216 563 3274 aut
595 3209 637 3275 ad
669 3211 846 3277 Labienum
879 3210 1052 3292 deducere,
1087 3232 1218 3294 quorum
1248 3213 1326 3276 alter

293 3313 378 3377 milia
399 3333 548 3397 passuum
571 3313 693 3378 circiter
717 3315 954 3399 quinquaginta,
978 3316 1057 3378 alter
1078 3315 1170 3400 paulo
1192 3316 1327 3400 amplius

244 3437 275 3483 ιο
293 3416 333 3480 ab
366 3415 406 3480 iis
439 3415 530 3480 absit.
575 3415 652 3480 illud
683 3436 717 3482 se
746 3418 886 3502 polliceri
921 3425 952 3482 et
985 3417 1184 3484 iureiurando
1219 3419 1327 3484 confir-

244 3540 272 3586 11
293 3539 388 3602 mare,
419 3525 521 3584 tutum
550 3519 609 3584 iter
631 3539 687 3605 per
716 3520 797 3586 fines
827 3520 981 3585 daturum.
1021 3520 1104 3603 quod
1127 3541 1198 3586 cum
1220 3522 1326 3607 faciat,

293 3629 324 3686 et
347 3622 466 3686 civitati
489 3642 558 3688 sese
580 3623 751 3705 consulere,
776 3623 859 3706 quod
881 3623 1021 3689 hibernis
1043 3625 1173 3706 levetur,
1198 3631 1229 3690 et
1252 3627 1327 3692 Cae-

293 3727 355 3791 sari
376 3745 433 3811 pro
449 3725 515 3790 eius
537 3725 656 3791 meritis
678 3727 813 3810 gratiam
829 3726 954 3792 referre.
989 3727 1050 3792 hac
1065 3728 1205 3794 oratione
1219 3728 1327 3795 habita

216 3849 217 3852 ’
293 3828 426 3894 discedit
447 3828 620 3894 Ambiorix.
