2960 4192
423 248 530 304 coum.
545 249 623 304 VIII.
643 249 939 307 cAP.xl11-xvl1.
1137 238 1200 303 195

266 421 336 486 XV.
359 421 492 486 Barbari
515 421 623 486 confisi
645 422 705 486 loci
728 430 849 504 natura,
874 444 945 511 cum
965 424 1113 491 dimicare
1136 447 1200 493 non
1219 449 1233 496 1

163 529 354 608 recusarent,
385 523 412 589 si
441 523 522 589 forte
555 525 689 589 Romani
719 525 824 590 subire
858 527 969 592 collem
1002 537 1199 612 conarentur,

163 629 317 712 paulatim
352 627 458 711 copias
491 627 675 692 distributas
705 628 863 694 dimittere
897 651 960 696 non
989 639 1127 716 possent,
1159 653 1200 698 ne

162 731 298 816 dispersi
321 729 588 816 perturbarentur,
611 731 644 795 in
674 732 743 796 acie
773 741 1023 816 permanserunt.
1070 755 1235 818 quoruma

163 835 338 920 pertinacia
368 833 495 918 cognita
525 834 643 899 Caesar
664 835 728 898 XX
759 835 937 901 cohortibus
966 837 1125 901 instructis
1153 857 1201 901 ca-

162 939 298 1020 strisque
328 957 365 1004 eo
395 938 463 1003 loco
492 939 618 1002 metatis
641 938 755 1002 muniri
782 939 869 1002 iubet
892 946 1001 1003 castra.
1047 941 1233 1008 absolutiss

162 1042 310 1126 operibus
337 1062 393 1126 pro
423 1041 506 1107 vallo
534 1041 676 1125 legiones
709 1043 876 1106 instructas
908 1043 1046 1124 collocat,
1078 1044 1200 1126 equites

163 1145 294 1210 frenatis
318 1143 408 1227 equis
429 1144 463 1208 in
492 1145 627 1209 statione
656 1143 803 1228 disponit.
848 1145 1017 1230 Bellovaci,
1048 1166 1119 1211 cum
1141 1148 1234 1217 Ror

163 1268 273 1313 manos
295 1247 338 1312 ad
359 1247 591 1330 insequendum
612 1253 739 1332 paratos
765 1247 910 1313 viderent
939 1269 1043 1331 neque
1071 1270 1199 1333 pernoc

163 1361 230 1416 tare
263 1357 319 1416 aut
352 1351 469 1416 diutius
502 1370 687 1435 permanere
718 1351 787 1416 sine
819 1351 957 1435 periculo
988 1351 1099 1417 eodem
1131 1355 1199 1419 loeo

164 1462 300 1540 possent,
331 1455 395 1520 tale
424 1455 588 1520 consilium
615 1456 664 1520 sui
695 1454 868 1539 recipiendi
891 1461 1050 1539 ceperunt.
1096 1457 1233 1527 fasceae

164 1579 220 1643 per
241 1577 354 1624 manus
376 1564 616 1623 stramentorum
631 1559 669 1622 ac
684 1558 899 1642 virgultorum,
923 1579 1054 1641 quorum
1077 1580 1199 1625 summa

163 1669 231 1727 erat
253 1661 286 1726 in
309 1661 420 1726 castris
443 1661 543 1746 copia,
566 1661 649 1726 inter
670 1680 705 1726 se
728 1660 859 1726 traditos
881 1667 955 1726 ante
978 1662 1080 1726 aciem
1109 1663 1198 1727 collo

163 1771 274 1830 carunt
297 1771 500 1847 extremoque
523 1771 664 1849 tempore
690 1763 754 1829 diei
781 1765 872 1848 signo
903 1765 1105 1849 pronuntiato
1135 1785 1198 1831 uno

164 1875 304 1953 tempore
325 1866 542 1933 incenderunt.
588 1869 633 1932 ita
655 1869 820 1933 continens
842 1867 969 1932 flamma
998 1868 1107 1951 ‘copias
1136 1888 1232 1938 omo

163 1991 221 2036 nes
250 1977 380 2057 repente
409 1977 621 2055 aconspoctu
651 1971 733 2035 texit
761 1973 983 2036 Romanorum.
1030 1970 1114 2053 quod
1144 1969 1199 2036 ubi

162 2074 288 2158 accidit,
312 2074 438 2140 barbari
459 2073 735 2140 vehementissimo
758 2093 850 2139 cursu
873 2073 1065 2158 refugerunt.

266 2178 353 2243 XVI.
399 2178 524 2261 Caesar,
549 2176 607 2241 etsi
636 2175 811 2242 discessum
837 2176 974 2242 hostium
1003 2177 1231 2247 animadverr

163 2288 231 2347 tere
253 2302 315 2347 non
337 2287 460 2366 poterat
482 2279 638 2346 incendiis
661 2280 822 2364 oppositis,
845 2285 953 2345 tamen
975 2280 1008 2345 id
1034 2282 1198 2346 consilium

163 2405 236 2450 cum
258 2385 353 2469 fugae
373 2405 469 2450 causa
490 2384 603 2448 initum
625 2384 846 2469 suspicaretur,
870 2385 1011 2469 legiones
1025 2392 1197 2470 promovet,

165 2493 283 2553 turmas
306 2487 401 2552 mittit
423 2486 465 2551 ad
486 2486 731 2571 insequendum
754 2487 823 2570 ipse
846 2488 964 2553 veritus
985 2488 1125 2570 insidias,
1157 2509 1198 2554 ne

164 2590 244 2656 forte
266 2592 300 2656 in
323 2590 433 2657 eodem
455 2591 524 2655 loeo
547 2589 718 2655 subsistere
750 2589 850 2655 hostis
880 2597 975 2673 atque
1005 2592 1116 2656 elicere
1146 2613 1198 2656 no

163 2701 245 2760 stroa
266 2694 421 2760 inlocum
444 2699 608 2759 oonaretm·
623 2693 775 2776 iniquum,
791 2693 912 2758 tardius
927 2693 1076 2778 procedit.
1113 2695 1196 2776 equi·
1215 2715 1232 2762 a

163 2806 213 2864 tes
242 2819 313 2864 cum
342 2798 459 2863 intrare
489 2796 610 2861 fumum
634 2803 665 2862 et
687 2795 846 2861 flammam
869 2797 1089 2862 densissimam
1112 2798 1198 2862 time·

164 2909 235 2969 rent
267 2922 315 2985 ac,
348 2902 376 2968 si
406 2902 459 2984 qui
490 2899 633 2985 cupidius
663 2900 868 2983 intraverant,
896 2901 951 2964 vix
982 2921 1107 2965 suorum
1136 2899 1198 2985 ipsi

165 3007 284 3090 priores
312 3011 418 3090 partes
447 3003 737 3068 animadverterent
768 3022 927 3086 equorum,
951 3003 1083 3068 insidias
1106 3004 1198 3069 veriti

163 3111 296 3174 liberam
325 3109 507 3174 facultatem
536 3107 584 3172 sui
618 3105 790 3190 recipiendi
823 3107 999 3172 Bellovacis
1033 3106 1196 3173 dederunt.

163 3216 210 3279 ita
231 3213 308 3298 fuga
329 3213 448 3278 timoris
470 3212 563 3277 simul
586 3209 827 3293 calliditatisque
856 3211 950 3295 plena
972 3211 1040 3276 sine
1062 3212 1124 3277 ullo
1147 3212 1232 3280 des

164 3318 311 3383 trimento
333 3317 421 3380 milia
442 3337 506 3381 non
527 3314 662 3398 amplius
685 3312 794 3378 decem
817 3315 974 3398 progressi
1003 3313 1108 3381 hostes
1130 3317 1199 3381 loco

165 3420 373 3486 munitissimo
396 3425 499 3484 castra
521 3423 702 3502 posuerunt.
740 3417 814 3482 inde
830 3438 900 3482 cum
916 3438 1012 3502 saepe
1026 3419 1059 3482 in
1075 3417 1198 3484 insidiis
1215 3441 1231 3486 r

164 3525 287 3606 equites
308 3521 494 3608 peditesque
510 3520 721 3604 disponerent,
745 3540 862 3604 magna
884 3520 1072 3586 detrimenta
1086 3523 1198 3586 Roma·

164 3628 215 3692 nis
237 3626 271 3690 in
293 3624 548 3709 pabulationibus
571 3623 757 3688 inferebant.

267 3728 370 3793 XVII.
416 3725 507 3802 Quod
537 3747 608 3791 cum
638 3727 776 3792 crebrius
805 3727 972 3808 accideret,
1004 3746 1044 3791 ex
1072 3727 1197 3811 captivo
1219 3751 1234 3794 r.

164 3830 302 3912 quodam
325 3830 476 3913 comperit
499 3830 790 3914 caesareorum,
814 3830 1051 3897 Bellovacorum
1074 3829 1197 3907 ducem,

994 3937 1043 3983 13*
