2936 4192
497 320 603 376 coum
616 322 665 378 IV.
684 321 767 378 OAP.
786 323 897 379 V-XI.
1175 311 1215 373 69

184 493 318 577 possint,
363 493 516 575 rquuum
558 492 685 575 quidem
726 494 759 559 in
805 496 895 560 terris
937 516 1006 562 esse
1048 497 1216 578 neminem,

183 614 277 677 quem
304 616 369 660 non
396 615 544 679 superare
570 597 700 680 possint.

286 698 373 764 VIII.
404 697 456 762 Ad
478 698 566 779 haec,
591 719 671 780 quae
693 699 796 765 visum
819 707 876 784 est,
901 701 1017 767 ansar
1040 700 1248 786 respondit31

183 799 240 867 sed
263 801 367 866 exitus
390 801 449 865 suit
471 801 634 884 orationis:
658 802 719 868 sibi
741 802 859 868 nullam
882 823 953 868 cum
980 804 1019 870 iis
1046 804 1216 869 amicitiam

183 924 253 970 csse
279 923 382 988 posse,
410 904 437 969 si
460 905 493 968 in
516 903 618 969 Gallia
643 911 856 990 remanerent;
879 925 983 987 neque
1005 926 1114 971 verum
1137 926 1215 986 esse,
1235 927 1249 974 a

183 1007 238 1089 qui
260 1026 333 1072 suos
355 1005 436 1072 fines
458 1005 539 1070 tueri
560 1027 624 1072 non
646 1007 813 1091 potuerint,
836 1007 956 1073 alienos
975 1027 1141 1093 occuparc;
1164 1028 1216 1074 ne-

58 1141 72 1168 ·
184 1131 246 1193 que
275 1110 354 1175 ullos
383 1110 417 1174 in
440 1109 542 1175 Gallia
564 1129 678 1175 vacare
707 1129 809 1194 agros,
834 1110 887 1191 qui
901 1109 978 1174 ¹dari
1000 1115 1107 1174 tantae
1129 1129 1216 1193 prae·

184 1213 292 1278 sertim
325 1211 517 1276 multitudini
551 1212 620 1276 sine
652 1212 767 1276 iniuria
799 1213 934 1296 possint;
969 1211 1026 1278 scd
1055 1212 1158 1294 licere,
1189 1213 1249 1278 sia

184 1317 293 1396 velint,
316 1316 350 1379 in
372 1315 524 1380 Ubiorum
546 1315 661 1380 finibus
685 1301 856 1398 considere,
881 1335 1011 1397 quorum
1034 1315 1097 1380 sint
1119 1315 1216 1400 legati

182 1417 269 1502 apud
284 1437 319 1482 se
336 1423 367 1482 et
382 1416 422 1481 de
434 1418 608 1484 Sueborum
623 1416 744 1482 iniuriis
760 1423 930 1498 querantur
941 1423 973 1482 et
983 1436 1004 1480 a
1015 1437 1049 1482 se
1063 1417 1216 1482 auxilium

184 1526 308 1604 petant:
331 1519 392 1585 hoc
413 1539 448 1584 se
470 1519 562 1585 Ubiis
583 1519 815 1602 imperaturum.

287 1623 344 1687 IX.
389 1621 503 1706 Legati
524 1621 604 1687 haec
626 1641 661 1686 se
682 1620 724 1685 ad
746 1640 819 1686 suos
840 1621 991 1686 relaturos
1013 1621 1163 1687 dixerunt
1185 1628 1216 1688 ct
1237 1643 1248 1690 1

184 1745 218 1790 re
240 1725 414 1790 deliberata
435 1731 506 1807 post
528 1723 612 1788 diem
635 1724 761 1788 tertium
782 1722 824 1786 ad
840 1724 1006 1789 Caesarem
1021 1743 1214 1789 reversuros:

185 1829 305 1892 interea
327 1847 367 1892 ne
390 1827 517 1911 propius
540 1846 574 1890 se
601 1832 703 1890 castra
729 1832 877 1905 moveret,
905 1825 1070 1908 petierunt.
1115 1846 1156 1891 ne
1182 1825 1249 1894 ida

183 1929 311 2012 quidem
335 1931 451 1996 Caesar
472 1930 513 1994 ab
537 1948 571 1993 se
593 1927 751 2011 impetrari
774 1947 867 2012 posse
889 1927 979 1992 dixit.
1025 1936 1215 2013 cognoverat
1233 1951 1247 1996 :r

160 2033 268 2098 ,enim
298 2053 447 2116 magnam
476 2037 597 2116 partem
627 2031 784 2113 equitatus
813 2031 853 2095 ab
884 2030 924 2095 iis
953 2031 1072 2113 aliquot
1104 2030 1215 2097 diebus

182 2142 269 2200 ante·
291 2133 466 2219 praedandi
499 2132 775 2215 frumentandique
808 2153 904 2198 eausa
931 2132 974 2198 ad
1002 2134 1215 2200 Ambiuaritos

184 2245 271 2304 trans
294 2239 413 2302 Mosam
436 2237 578 2302 missam:
601 2235 659 2300 hos
682 2236 859 2318 exspectari
888 2236 1009 2336 equites
1031 2243 1126 2320 atque
1149 2237 1215 2303 eius

184 2341 229 2406 rei
252 2360 347 2405 causa
369 2359 489 2404 moram
511 2337 668 2421 interponi
689 2337 907 2402 arbitrabatur.

287 2443 327 2506 X.
373 2443 461 2506 Mosa
489 2439 615 2524 profluit
645 2460 685 2504 611
715 2446 821 2504 monte
850 2441 984 2526 Vosego,
1016 2443 1069 2524 qui
1100 2450 1147 2508 est
1180 2443 1245 2509 1111

183 2546 299 2611 finibus
322 2545 510 2628 Lingonum,
541 2549 572 2608 et
601 2539 691 2626 p'arte
721 2541 856 2623 quadam
879 2563 920 2607 ex
942 2543 1053 2608 Rheno
1077 2551 1212 2628 recepta,

185 2669 266 2730 quae
295 2647 470 2731 appellatur
492 2645 637 2725 Vacalus,
667 2645 802 2709 insulam
833 2644 929 2709 efficit
952 2647 1140 2710 Batavorum
1162 2665 1214 2710 ne·
1233 2667 1248 2713 1

183 2771 245 2833 que
282 2749 406 2832 longius
444 2749 483 2813 ab
519 2747 644 2812 Oceano
683 2746 808 2812 mihbus
845 2766 995 2829 passuum
1025 2748 1147 2811 LXXX
1180 2748 1212 2812 in

184 2853 330 2918 Rhenum
351 2851 463 2916 influit.
501 2850 631 2914 Rhenus
653 2855 759 2914 autem
781 2847 877 2913 oritur
900 2869 941 2912 611
963 2849 1134 2933 Lepontiis,
1159 2850 1212 2932 qui
1232 2873 1246 2919 3

182 2956 280 3039 Alpes
309 2954 458 3034 incolunt,
490 2959 521 3018 et
549 2953 643 3036 longo
672 2951 774 3035 spatio
802 2970 859 3034 per
888 2949 967 3016 fines
996 2951 1212 3034 Nantuatium,

183 3058 407 3137 Helvetiorum,
438 3057 662 3137 Sequanorum,
693 3052 970 3134 Mediomatricum,
1000 3055 1212 3138 Tribocorum,

180 3163 389 3226 Treverorum
412 3159 523 3224 citatus
546 3158 643 3222 fertur
665 3165 705 3236 et,
730 3156 783 3221 ubi
798 3155 924 3228 Oceano
939 3159 1246 3241 appropinquanto

183 3265 216 3329 ln
239 3265 344 3348 plures
360 3261 476 3326 diffluit
497 3267 602 3345 partes
617 3259 722 3322 multis
737 3257 982 3341 ingentibusque
997 3259 1108 3324 insulis
1124 3261 1213 3326 effec-

183 3367 233 3450 tis,
265 3385 397 3448 quarum
426 3384 499 3448 pars
529 3382 645 3446 magna
666 3381 686 3424 a
709 3359 784 3424 feris
805 3361 1011 3443 barbarisque
1033 3363 1214 3432 nationibus

163 3451 336 3548 incolitur,
361 3487 401 3531 611
425 3467 537 3549 quibus
560 3470 641 3543 sunt,
666 3463 719 3546 qui
741 3462 880 3546 piscibus
902 3469 998 3545 atque
1020 3465 1087 3529 culs
1106 3466 1246 3533 aviums

183 3572 291 3636 vivere
325 3569 558 3648 existimantur,
592 3566 760 3648 multisque
794 3565 949 3649 capitibus
983 3566 1015 3630 in
1050 3566 1211 3632 Oceanum

183 3674 294 3738 influit.
655 3727 658 3735 .

286 3777 342 3839 XI.
389 3775 505 3840 Caesar
535 3791 605 3836 cum
635 3773 675 3836 ab
706 3770 795 3835 hoste
822 3791 885 3834 non
907 3771 1041 3854 amplius
1063 3776 1241 3853 passuumr

185 3881 246 3944 XII
269 3877 394 3942 milibus
416 3875 551 3952 abesset,
575 3879 609 3936 ut
632 3879 697 3936 erat
721 3873 931 3952 constitutum,
958 3872 1000 3937 ad
1023 3893 1094 3938 eum
1116 3874 1212 3965 legati
