2936 4192
437 199 545 255 ccnn.
557 199 579 253 1.
599 199 681 255 cnr.
694 199 877 254 xvr-xrx.
1133 185 1171 247 ll

142 393 271 438 uxorem
297 373 429 456 habere,
460 392 597 437 sororem
628 393 669 438 ex
696 379 796 437 matre
824 380 855 438 et
882 374 1073 458 propinquas
1100 393 1173 440 suas

142 483 273 559 nuptum
299 477 332 541 in
358 477 438 540 alias
464 475 607 540 civitates
637 477 814 542 collocasse.
864 476 973 541 favere
1000 483 1032 541 et
1059 495 1210 560 cuperes

141 579 296 644 Helvetiis
318 585 446 664 propter
468 600 538 644 eam
560 579 757 663 affinitatem,
784 579 889 645 odisse
917 580 1012 644 etiam
1038 599 1094 644 suo
1121 599 1173 645 no

142 683 226 747 mine
254 683 421 748 Caesarem
448 689 479 748 et
505 684 673 763 Romanos,
704 681 787 764 quod
818 702 924 748 eorum
953 682 1093 748 adventu
1121 703 1174 766 po

141 785 242 850 tentia
270 785 338 850 eius
367 784 529 850 deminuta
558 792 590 850 et
616 785 792 850 Divitiacus
822 784 918 849 frater
947 785 981 848 in
1010 785 1173 867 antiquum

141 888 245 952 locum
271 888 391 970 gratiae
418 894 511 970 atque
533 887 658 952 honoris
686 888 727 952 sit
753 888 923 953 restitutus.
969 887 996 952 si
1023 886 1099 969 qnid
1124 907 1210 956 aea

142 990 227 1055 cidat
252 991 415 1073 Romanis,
446 1011 600 1056 summam
630 991 662 1054 in
694 1011 782 1074 spem
812 1011 869 1075 per
895 990 1057 1055 Helvetios
1083 990 1174 1073 regni

142 1093 306 1159 obtinendi
327 1093 450 1176 venire3
477 1093 609 1176 imperio
635 1093 742 1176 populi
764 1093 898 1156 Romani
924 1113 987 1157 non
1014 1091 1107 1157 modo
1134 1091 1174 1156 de

141 1217 250 1280 regno,
277 1195 451 1260 sedetiam
474 1195 513 1260 de
537 1216 583 1278 ea,
607 1215 700 1278 quam
723 1195 848 1278 habeat,
871 1195 974 1278 gratia
996 1194 1172 1280 desperare.

143 1299 319 1382 reperiebat
349 1298 443 1362 ctiam
472 1298 504 1362 in
535 1297 713 1379 quaerendo
745 1297 874 1381 Caesar,
909 1297 992 1380 quod
1020 1298 1174 1381 proelium
1194 1318 1229 1365 ro

143 1408 288 1485 equestre
309 1401 476 1466 adversum
498 1401 606 1484 paucis
628 1406 702 1464 ante
725 1399 836 1464 diebus
859 1406 942 1464 esset
964 1399 1091 1483 sactum,
1118 1400 1175 1464 ini·

143 1506 222 1569 tium
249 1505 316 1569 eins
341 1504 437 1587 fugae
463 1503 580 1566 factum
607 1523 627 1566 a
652 1503 847 1586 Dumnorige
873 1509 968 1584 atque
995 1503 1061 1568 eius
1091 1503 1174 1585 equi-

143 1609 227 1673 tibus
260 1646 300 1654 -
335 1628 409 1672 narn
442 1607 606 1690 equitatui,
641 1626 734 1688 quem
767 1606 884 1670 auxilio
915 1606 1043 1672 Caesari
1071 1605 1174 1670 Aedui

144 1712 306 1793 miserant,
337 1709 513 1774 Dumnorix
541 1715 686 1791 praeerat
712 1745 755 1754 —
781 1728 887 1772 eorum
917 1707 994 1790 fuga
1019 1708 1173 1790 reliquum

145 1833 215 1879 esse
237 1815 408 1897 equitatum
431 1813 637 1896 pertenitum.

247 1919 335 1982 XIX.
368 1916 488 1992 Quibus
517 1917 611 1980 rebus
641 1915 788 1999 cognitis,
817 1936 887 1980 cum
916 1915 958 1980 ad
986 1916 1045 1979 has
1075 1917 1207 2000 auspi-r

145 2023 251 2088 ciones
273 2022 464 2086 certissimae
486 2039 536 2084 res
558 2018 753 2101 accederent,
778 2019 861 2101 quod
882 2037 939 2102 per
959 2018 1039 2084 fines
1059 2019 1174 2103 Sequa-

144 2147 254 2191 norum
265 2125 427 2189 Helvetios
438 2123 639 2205 traduxisset,
655 2122 739 2205 quod
753 2121 879 2188 obsides
894 2122 976 2187 inter
987 2143 1041 2188 eos
1053 2121 1174 2186 dandos

145 2236 292 2309 curasset,
312 2226 396 2310 quod
415 2247 454 2291 aa
468 2227 572 2291 omnia
586 2246 649 2290 uon
665 2225 757 2290 modo
772 2226 893 2290 iniussu
908 2246 964 2290 sno
980 2232 1011 2290 et
1027 2226 1174 2308 civitatis,

144 2331 202 2396 sed
228 2333 322 2396 etiam
348 2329 554 2395 inscientibus
580 2329 658 2412 ipsis
679 2328 815 2412 fecisset,
843 2327 927 2411 quod
949 2349 969 2393 a
989 2329 1174 2413 magistratu

144 2433 324 2499 Aeduorum
357 2437 569 2513 accusaretur,
604 2431 680 2496 satis
711 2451 781 2496 esse
811 2451 925 2496 causae
955 2432 1173 2513 arbitrabatur,

144 2557 240 2618 quare
261 2537 294 2600 in
318 2555 390 2600 eum
411 2540 466 2598 aut
487 2534 556 2617 ipse
578 2532 842 2598 animadverteret
861 2540 916 2598 aut
936 2535 1096 2598 civitatem
1111 2535 1175 2597 ani-

144 2639 341 2703 madvertere
355 2637 485 2701 iuberet.
513 2635 562 2699 his
582 2636 727 2700 omnibus
745 2637 839 2702 rebus
854 2657 951 2701 unum
965 2637 1173 2720 repugnabat,
1192 2657 1211 2702 a

144 2741 227 2826 quod
256 2739 405 2806 Divitiaci
433 2738 538 2802 fratris
572 2758 726 2803 summum
756 2739 789 2803 in
819 2739 969 2822 populum
999 2741 1174 2804 Romanum

145 2843 295 2925 studium,
326 2861 480 2928 summam
509 2840 543 2904 in
573 2859 608 2906 se
637 2842 844 2924 voluntatem,
879 2842 1038 2925 egregiam
1067 2840 1173 2923 fidem,

144 2945 305 3026 iustitiam,
332 2943 573 3028 temperantiam
601 2950 804 3026 cognoverat:
831 2964 915 3027 nam,
943 2965 984 3008 ne
1011 2944 1078 3010 eius
1105 2963 1175 3028 sup-

143 3049 237 3132 plicio
265 3047 415 3112 Divitiaci
448 3046 586 3110 animum
618 3047 805 3131 offenderet,
839 3049 1015 3113 verebatur.
1068 3050 1211 3130 itaquae

143 3152 240 3235 prius,
261 3170 355 3232 quarn
375 3150 541 3232 quicquam
561 3155 733 3232 conaretur,
754 3151 945 3216 Divitiacum
964 3150 1006 3216 ad
1021 3171 1056 3216 se
1070 3151 1175 3216 vocari

143 3255 231 3318 iubet
254 3259 285 3318 et
308 3252 472 3318 cotidianis
494 3254 717 3336 interpretibus
738 3255 865 3319 remotis
888 3275 944 3338 pcr
965 3256 998 3320 G.
1015 3255 1175 3320 Valerium

143 3356 348 3438 Trouoillum,
386 3355 560 3439 principem
598 3356 719 3420 Galliae
756 3357 950 3440 provinciae,
988 3358 1175 3422 familiarem

144 3478 244 3540 suurn,
272 3458 323 3522 cui
349 3477 504 3522 summam
526 3459 664 3522 omnium
687 3478 790 3523 rerum
812 3459 907 3525 fidem
929 3460 1076 3543 habebat,
1105 3480 1176 3525 cnm

144 3581 182 3626 eo
205 3560 402 3644 colloquitnr;
426 3561 518 3624 simul
541 3561 789 3644 commonefacit,
814 3583 894 3644 quae
916 3563 985 3646 ipso
1006 3569 1211 3647 praesenter
1239 3455 1366 3702 ·

143 3661 177 3725 in
200 3663 331 3726 concilio
355 3663 514 3728 Gallorum
537 3663 577 3727 de
599 3664 792 3747 Dumnorige
815 3665 878 3730 sint
900 3665 994 3749 dicta,
1023 3672 1054 3730 et
1076 3671 1176 3731 osten·

143 3763 199 3846 dit,
223 3785 304 3846 quae
326 3766 494 3848 separatim
517 3766 648 3848 quisque
668 3766 708 3830 de
728 3787 765 3831 ec
784 3767 869 3850 apud
889 3788 923 3832 se
946 3767 1074 3851 dixerit3
1097 3769 1212 3851 petite
