2966 4196
491 285 598 341 cotula
611 285 675 342 VII.
694 286 777 342 cAP.
790 287 990 342 xx-xxln.
1199 273 1261 338 149

225 457 347 524 neoda
371 459 438 524 eius
461 458 524 524 fide
547 458 767 543 dubitandum,
791 479 850 524 nec
865 461 982 525 maiore
997 461 1119 527 ratione
1141 462 1259 528 bellum

221 561 436 628 administrari
466 583 569 646 posse.
615 569 766 647 statuunt,
797 569 832 627 ut
853 565 886 628 X
907 564 995 628 milia
1023 564 1185 630 hominum
1208 566 1293 633 dea

124 706 127 712 -
223 665 305 730 lecta
327 686 368 730 ex
391 667 536 731 omnibus
559 667 658 750 copiis
681 667 714 732 in
737 665 888 751 oppidum
907 668 1078 752 mittantur,
1102 689 1163 734 nec
1184 669 1293 737 solist

222 768 415 853 Biturigibus
439 789 636 835 communem
666 770 799 835 salutem
830 770 1087 836 committendam
1117 778 1257 854 censent,

221 870 306 952 quod
334 892 433 956 penes
464 891 528 954 eoo,
559 873 586 937 si
615 872 649 936 id
678 872 828 957 oppidum
858 873 1070 958 retinuissent,
1103 895 1257 940 summam

221 973 370 1039 victoriae
393 982 535 1041 constare
557 975 794 1060 intellegebant.
1149 1045 1152 1051 ,

323 1079 428 1142 XXII.
461 1079 619 1162 Singulari
640 1078 774 1144 militum
797 1085 973 1144 nostrorum
996 1078 1104 1144 virtuti
1128 1080 1289 1148 consiliat

220 1179 370 1263 cuiusque
392 1180 478 1246 modi
494 1182 654 1247 Gallorum
674 1182 890 1265 occurrebant,
913 1188 948 1245 ut
971 1188 1019 1246 est
1041 1201 1183 1247 summae
1204 1203 1256 1266 ge·

177 1323 180 1328 -
220 1301 280 1347 nus
309 1285 465 1349 sollertiae
494 1291 589 1366 atque
619 1283 662 1348 ad
691 1285 797 1349 omnia
826 1283 979 1349 imitanda
1013 1291 1045 1350 et
1078 1284 1255 1368 efficienda,

218 1405 301 1467 quae
323 1387 364 1452 ab
387 1407 511 1469 quoque
533 1387 708 1468 traduntur,
731 1388 937 1471 aptissimum.
984 1409 1058 1452 nam
1082 1395 1113 1452 et
1136 1389 1290 1472 laqueist

219 1487 317 1554 falces
339 1489 533 1572 avertebant,
557 1509 635 1572 quas
658 1510 729 1554 cum
751 1489 997 1574 destinaverant,
1026 1492 1189 1556 tormentis
1211 1491 1256 1554 in·
1300 1494 1303 1500 '

218 1597 336 1656 trorsus
366 1591 568 1677 reducebant,
600 1599 631 1656 et
660 1612 810 1676 aggerem
840 1593 990 1657 cuniculis
1017 1593 1254 1676 subtrahebant,

217 1713 256 1758 eo
279 1695 437 1776 scientius,
461 1694 544 1778 quod
559 1694 644 1779 apud
660 1715 713 1760 eos
735 1715 871 1777 magnae
894 1701 968 1760 sunt
990 1694 1137 1759 ferrariae
1160 1702 1255 1777 atque

217 1816 311 1862 omne
333 1817 434 1881 genus
457 1799 670 1863 cuniculorum
693 1804 801 1862 notum
824 1804 919 1880 atque
941 1798 1091 1862 usitatum
1115 1805 1171 1863 est.
1210 1804 1288 1867 toa

217 1906 285 1964 tum
307 1907 412 1965 autem
434 1921 557 1965 murum
579 1922 622 1984 ex
645 1901 730 1966 omni
752 1907 843 1984 parte
873 1900 1009 1966 turribus
1033 1901 1254 1966 contabulave-

218 2009 288 2068 rant
316 2012 411 2086 atque
441 2005 499 2070 has
530 2005 620 2069 coriis
651 2004 841 2068 intererant.
888 2011 953 2068 tum
985 2003 1102 2069 crebris
1133 2003 1288 2074 diurnist

217 2107 440 2189 nocturnisque
471 2107 687 2191 eruptionibus
716 2111 771 2171 aut
800 2107 911 2191 aggeri
941 2107 1048 2190 ignem
1074 2106 1254 2172 inferebant

215 2214 272 2274 aut
293 2209 409 2276 milites
424 2217 592 2294 occupatos
614 2211 757 2294 inopere
779 2209 1001 2276 adoriebantur
1024 2217 1055 2274 et
1077 2216 1254 2275 nostrarum

216 2312 348 2377 turrium
377 2313 585 2396 altitudinem,
616 2319 768 2396 quantum
798 2313 857 2380 has
880 2313 1055 2379 cotidianus
1078 2333 1177 2398 agger
1200 2333 1286 2382 err-5

216 2422 382 2499 presserat,
407 2417 581 2481 commissis
604 2436 730 2481 suarum
752 2418 882 2482 turrium
912 2417 1004 2482 malis
1031 2416 1254 2499 adaequabant

216 2524 249 2582 et
280 2525 406 2603 apertos
440 2519 599 2584 cuniculos
625 2525 774 2603 praeusta
800 2527 832 2584 et
860 2527 1031 2604 praeacuta
1060 2520 1192 2584 materia
1221 2525 1254 2584 et

216 2621 286 2705 pice
315 2621 490 2687 fervefacta
519 2628 550 2686 et
583 2623 714 2686 maximi
747 2622 896 2706 ponderis
929 2622 1017 2687 saxis
1050 2622 1253 2686 morabantur

216 2721 442 2808 moenibusque
464 2724 719 2808 appropinquare
742 2724 961 2808 prohibebant.

318 2828 440 2892 XXIII.
478 2828 559 2892 Muri
580 2834 687 2892 autem
709 2846 818 2892 omnes
842 2825 954 2892 Gallici
977 2826 1037 2890 hac
1060 2825 1126 2890 fere
1148 2825 1251 2890 forma
1273 2849 1283 2894 1

214 2937 297 2995 sunt.
343 2930 449 2996 trabes
478 2929 616 2995 directae
645 2935 818 3014 perpetuae
847 2929 881 2994 in
911 2928 1141 3012 longitudinem
1171 2929 1252 3012 pari-

215 3034 274 3099 bus
303 3033 487 3117 intervallis,
518 3032 673 3100 distantes
702 3033 785 3098 inter
814 3052 849 3098 se
878 3033 970 3098 binos
992 3031 1100 3116 pedes,
1128 3031 1162 3096 in
1185 3031 1251 3098 solo

214 3137 413 3201 collocantur.
459 3136 520 3201 hac
541 3136 758 3201 revinciuntur
779 3136 931 3200 introrsus
953 3141 985 3199 et
1012 3135 1109 3198 multo
1132 3154 1285 3218 aggeres

215 3239 400 3322 vestiuntur,
424 3260 462 3303 ea
483 3245 599 3320 autem,
624 3258 705 3320 quae
721 3237 869 3321 diximus,
892 3237 1059 3303 intervalla
1077 3237 1252 3322 grandibus

214 3341 248 3406 in
275 3342 378 3407 fronte
406 3343 492 3408 saxis
519 3343 730 3408 effarciuntur.
776 3341 826 3406 his
849 3341 1007 3406 collocatis
1031 3347 1063 3405 et
1086 3360 1284 3424 coagmen-a

139 3525 143 3538 ι
214 3445 289 3510 tatis
310 3447 391 3510 alius
413 3446 543 3530 insuper
558 3444 634 3510 ordo
649 3444 784 3528 additur,
809 3451 843 3509 ut
857 3444 942 3508 idem
957 3443 1035 3508 illud
1050 3443 1250 3509 intervallum

214 3554 357 3613 servetur
368 3568 472 3631 neque
484 3549 566 3613 inter
578 3568 612 3614 se
624 3548 809 3632 contingant
821 3535 1006 3631 trabessed
1017 3547 1146 3631 paribus
1158 3547 1250 3610 inter·

125 3674 127 3679 ·
215 3652 329 3716 missae
345 3653 455 3736 spatiis
471 3652 614 3736 singulae
630 3652 762 3736 singulis
785 3652 872 3716 saxis
894 3651 1068 3716 interiectis
1090 3655 1157 3713 arte
1180 3668 1250 3712 con·

214 3755 382 3819 tineantur.
414 3755 460 3820 sic
475 3754 625 3840 deinceps
647 3775 740 3821 omne
755 3775 835 3840 opus
858 3755 1045 3837 contexitur,
1068 3751 1143 3817 dum
1166 3751 1283 3817 iustae

214 3857 294 3922 muri
316 3857 449 3923 altitudo
472 3859 645 3942 expleatur.
670 3857 730 3923 hoo
750 3879 820 3922 cum
842 3858 876 3922 in
898 3856 1036 3941 speciem
1051 3854 1282 3920 varietatem-o

1446 3841 1470 4032 l

1319 4127 1469 4166 Λ-
