2968 4190
325 279 385 341 118
656 291 706 348 DE
722 291 840 347 BELLO
858 291 1020 347 GALLICO

192 524 197 534 .
322 468 461 552 consilio,
485 486 616 551 sperans
631 466 808 532 temeritate
823 485 930 531 eorum
945 464 1012 530 lore
1026 464 1166 547 aliquam
1181 463 1354 529 dimicandi

322 571 518 654 facultatem,
548 569 706 654 praesidio
739 569 877 653 quinque
910 567 1084 634 cohortium
1117 565 1354 653 impedimentis

321 675 430 740 relicto
460 695 532 741 cum
554 673 668 759 viginti
698 673 836 757 quinque
859 671 1037 738 cohortibus
1067 691 1246 757 magnoque
1268 669 1354 752 eqni-

321 785 389 843 tatu
412 785 520 843 contra
541 778 663 844 hostem
679 775 889 862 proficiscitur
912 781 944 840 et
969 775 1056 841 mille
1082 793 1233 860 passuum
1259 773 1354 841 inter-

286 881 416 949 emisso
454 883 555 968 spatio
589 888 691 948 castra
727 879 907 946 communit.
961 885 1029 945 erat
1060 878 1143 944 inter
1174 876 1353 943 Labienum

319 992 415 1068 atque
438 985 560 1052 hostem
575 984 696 1050 difficili
714 983 848 1048 transitu
863 981 980 1048 flumen
1002 981 1142 1067 ripisque
1164 979 1351 1066 praeruptis.

320 1087 379 1153 hoc
401 1109 504 1171 neque
526 1089 595 1172 ipse
618 1087 751 1152 transire
773 1086 913 1151 habebat
934 1085 968 1150 in
990 1085 1097 1151 animo
1119 1103 1222 1167 neque
1244 1082 1353 1148 hostes

285 1193 504 1259 otransituros
544 1190 754 1256 existimabat.
806 1188 982 1272 augebatur
1014 1187 1202 1253 auxiliorum
1236 1183 1352 1251 cotidie

1452 7 1473 286 l

1471 1101 1473 1172 l

1472 1183 1473 1246 l

318 1313 401 1378 spes.
446 1294 582 1376 loquitur
611 1295 726 1380 palam,
756 1292 904 1376 quoniam
926 1291 1076 1356 Germani
1097 1289 1352 1375 appropinquare
1472 1297 1473 1382 l

319 1395 472 1482 dicantur,
495 1418 566 1464 seso
588 1417 662 1464 suas
685 1395 905 1477 exercitusque
927 1394 1068 1459 fortunas
1090 1393 1269 1459 indubium
1285 1413 1350 1457 non
1472 1409 1473 1424 ¹

319 1498 542 1566 devocaturum
566 1505 598 1565 et
619 1506 743 1584 postero
768 1497 820 1562 die
842 1498 943 1581 prima
964 1497 1035 1562 luce
1057 1503 1160 1562 castra
1181 1502 1347 1561 moturum.

283 1602 461 1681 sceleriter
483 1603 563 1668 haec
584 1601 626 1668 ad
648 1601 754 1668 hostes
776 1600 966 1684 deferuntur,
990 1608 1024 1666 ut
1048 1621 1089 1665 ex
1111 1620 1231 1684 magno
1247 1599 1349 1666 Gallo·

318 1727 389 1770 rum
419 1707 559 1790 equitum
593 1725 722 1771 numero
756 1705 922 1771 nonnullos
952 1705 1080 1770 Gallicis
1112 1704 1206 1770 rebus
1239 1702 1347 1768 favere
1472 1749 1473 1762 ,

282 1815 429 1876 enatura
451 1811 593 1893 cogebat.
623 1809 784 1874 Labienus
806 1815 899 1874 noctu
915 1808 1049 1875 tribunis
1071 1808 1204 1873 militum
1226 1805 1346 1892 primis

317 1931 378 1993 que
400 1911 562 1978 ordinibus
584 1912 773 1991 convocatio,
797 1910 873 1992 quid
894 1911 943 1976 sui
970 1911 1010 1976 sit
1040 1911 1170 1993 consilii,
1200 1909 1345 1994 proponit
1472 1889 1473 1976 s

316 2021 356 2096 et,
381 2036 442 2097 quc
464 2015 586 2080 facilius
609 2015 751 2080 hostibus
773 2014 893 2079 timoris
916 2014 970 2078 det
983 2014 1204 2098 suspicionem,
1227 2013 1345 2078 maiore

315 2118 446 2200 strepitu
463 2126 495 2182 et
517 2119 660 2200 tumultu,
685 2139 779 2199 quam
795 2118 901 2201 populi
916 2117 1050 2196 Romani
1066 2117 1127 2182 lert
1141 2115 1343 2199 consuetudo,
1471 2107 1472 2114 '

316 2226 418 2283 castra
440 2220 558 2285 moveri
580 2219 676 2284 iubet.
721 2220 771 2285 his
792 2222 887 2287 rebus
909 2221 1004 2305 fugae
1026 2222 1160 2287 similem
1181 2220 1344 2306 profectio

280 2340 388 2386 onem
412 2322 523 2387 effecit.
570 2322 648 2386 haec
675 2342 799 2404 quoque
825 2343 882 2407 per
908 2325 1123 2408 exploratores
1144 2331 1219 2389 ante
1240 2323 1342 2388 lucem

314 2423 346 2487 in
376 2430 465 2488 tanta
494 2425 727 2510 propinquitate
758 2432 928 2491 castrorum
950 2426 992 2492 ad
1021 2427 1127 2492 hostes
1149 2426 1340 2492 deseruntur.

281 2547 295 2595 1
417 2529 503 2596 VIII.
548 2529 610 2594 Vix
643 2549 758 2612 agmen
792 2530 997 2596 novissimum
1031 2537 1120 2596 extra
1152 2528 1343 2594 munitiones

185 2694 187 2699 .
312 2639 516 2716 processerat,
547 2653 618 2697 oum
641 2632 723 2698 Galli
755 2633 907 2698 cohortati
935 2635 1018 2700 inter
1046 2655 1090 2717 se,
1113 2653 1155 2698 ne
1183 2639 1340 2717 speratam

312 2735 463 2818 praedam
493 2757 534 2802 ex
564 2736 711 2803 manibus
741 2735 934 2802 dimitterent
955 2775 999 2784 —
1024 2738 1153 2821 longum
1183 2756 1252 2802 esse
1274 2756 1340 2820 per·

312 2839 427 2904 territis
453 2840 604 2906 Romanis
635 2839 860 2905 Germanorum
886 2841 1039 2905 auxilium
1067 2846 1261 2924 exspectare,
1288 2859 1340 2904 ne

312 2960 373 3022 que
396 2962 484 3006 suam
506 2943 573 3026 pati
596 2942 792 3027 dignitatem,
815 2950 851 3007 ut
873 2943 968 3008 tantis
983 2941 1080 3025 copiis
1102 2947 1168 3007 tam
1191 2943 1339 3025 exiguam

288 3048 449 3128 manum,
479 3044 664 3129 praesertim
693 3045 868 3130 fugientem
890 3053 986 3129 atque
1015 3045 1199 3131 impeditam
1224 3044 1339 3110 adoriri

310 3164 374 3209 non
407 3146 546 3212 audeant
577 3183 621 3194 —
653 3147 771 3212 flumen
804 3149 938 3214 transire
971 3155 1002 3213 et
1030 3149 1138 3231 iniquo
1165 3149 1232 3213 loco
1259 3168 1339 3213 ccm-

276 3246 434 3312 amittere
469 3250 622 3332 proelium
656 3271 720 3315 non
753 3250 907 3317 dubitant.
953 3272 1034 3333 quae
1063 3251 1130 3316 fore
1163 3252 1340 3335 suspicatus

309 3348 479 3435 Labienus,
509 3359 544 3416 ut
572 3373 682 3418 omnes
711 3354 789 3418 citra
817 3353 935 3418 flumen
965 3355 1098 3438 ebceret,
1130 3355 1241 3420 eadem
1264 3373 1340 3420 usus

274 3453 507 3524 asimulatione
536 3455 657 3520 itineris
687 3456 810 3539 placide
839 3456 1106 3539 progrediebatur.
1152 3465 1218 3523 tum
1251 3478 1339 3542 prae

309 3557 412 3624 missis
441 3558 571 3641 paulum
600 3557 834 3642 impedimentis
862 3565 958 3640 atque
986 3560 1020 3623 in
1049 3562 1168 3626 tumulo
1202 3561 1338 3644 quodam

309 3661 481 3726 collocatis:
506 3659 638 3744 habetis,
662 3661 772 3745 iuquit,
795 3661 924 3738 milites,
948 3684 1045 3746 quarn
1062 3664 1203 3747 petistis,
1224 3663 1337 3749 facul·

273 3775 418 3844 stateem·
442 3765 559 3827 hostem
581 3763 736 3848 impedito
752 3775 846 3848 atque
869 3765 981 3849 iniquo
1006 3764 1071 3829 loco
1096 3767 1222 3828 tenetis:
1239 3789 1337 3852 prae·

307 3876 388 3928 state
412 3867 542 3930 eoadem
557 3866 647 3930 nobis
665 3866 801 3930 ducibus
816 3868 978 3946 uirtutem,
999 3889 1096 3952 quam
1110 3890 1338 3953 saepenumero
