2936 4192
308 278 348 340 76
642 295 691 348 DE
708 295 824 349 BELLO
843 295 1004 352 GALLICO

268 465 392 551 operio
414 466 522 550 populi
544 466 678 532 Romani
700 468 925 550 obtemperare.
957 469 1070 551 quibus
1093 471 1209 538 auditis
1231 473 1341 540 libera·
1463 539 1464 542 ,

261 629 264 634 .
306 571 376 634 liter
405 569 560 654 pollicitus
582 569 795 651 hortatusque,
826 571 915 635 utin
939 591 977 636 ea
999 575 1157 639 sententia
1179 595 1340 659 permane·

269 691 288 738 r
307 678 386 754 rent,
411 692 463 738 eos
486 672 612 737 domurn
627 673 756 737 remittit
772 680 803 737 et
823 693 893 738 oum
908 675 947 740 iis
962 695 1026 739 una
1042 676 1227 759 Commium,
1244 698 1338 761 quem

306 775 374 860 ipse
388 776 591 842 Atrebatibus
611 775 766 860 superatis
784 797 892 860 regem
911 777 956 843 ibi
976 779 1188 860 constituerat,
1205 781 1294 846 ouius
1309 789 1341 846 et

305 879 453 944 virtutem
476 886 507 944 et
529 879 692 945 eonsilium
713 881 869 964 probabat
891 887 923 945 et
946 901 1038 963 quem
1054 882 1115 947 sibi
1130 881 1255 946 fidelem
1270 903 1341 948 esse

219 997 221 1002 ·
305 982 525 1064 arbitrabatur,
550 983 700 1065 cuiusque
722 983 892 1048 auctoritas
911 983 943 1048 in
964 983 1013 1049 his
1032 985 1213 1068 regionibus
1232 987 1340 1070 magni
1378 1012 1386 1034 ι

268 1105 287 1154 a
305 1085 488 1167 habebatur,
505 1087 610 1150 mittit.
626 1085 700 1150 huic
714 1086 857 1170 imperat,
875 1107 952 1168 quas
966 1088 1074 1171 possit,
1090 1086 1185 1152 adeat
1196 1088 1340 1175 civitates

305 1187 515 1271 horteturque,
531 1195 567 1253 ut
580 1189 688 1272 populi
699 1189 833 1254 Romani
847 1188 942 1253 fidem
958 1198 1138 1272 sequantur,
1154 1210 1251 1273 seque
1263 1191 1339 1256 eele-

267 1312 287 1358 a
304 1291 380 1356 riter
395 1311 431 1356 eo
443 1298 609 1356 venturum
624 1292 756 1356 nuntiet.
780 1292 957 1357 Volusenus
972 1294 1144 1377 perspectis
1158 1293 1339 1378 regionibus

305 1393 459 1474 omnibus,
476 1399 628 1476 quantum
644 1394 672 1458 ei
688 1393 846 1458 facultatis
862 1393 930 1458 dari
944 1394 1055 1478 potuit,
1072 1396 1125 1478 qui
1140 1397 1215 1460 navi
1231 1395 1338 1480 egredi

305 1515 344 1560 ac
373 1515 408 1561 se
436 1496 579 1562 barbaris
609 1497 801 1562 committere
827 1517 890 1562 non
921 1497 1061 1580 auderet,
1093 1499 1200 1580 quinto
1223 1497 1338 1563 dicad

306 1598 473 1664 Gaesarem
494 1600 669 1680 revertitur,
701 1619 844 1681 quaeque
866 1599 911 1665 ibi
932 1601 1147 1684 perspexisset
1169 1602 1336 1665 renuntiat.

271 1725 286 1768 r
340 1687 368 1768 s
407 1703 513 1766 XXII.
558 1703 642 1766 Dum
664 1703 696 1766 in
719 1701 769 1766 his
791 1701 868 1766 locis
892 1702 1008 1768 Caesar
1029 1704 1158 1768 navium
1185 1704 1338 1788 paranda·
1463 1725 1464 1784 j

305 1826 373 1869 rum
397 1824 492 1869 causa
511 1811 659 1888 moratur,
683 1824 725 1868 ex
747 1825 864 1888 magna
885 1811 974 1888 parte
990 1806 1178 1871 Morinorum
1201 1805 1243 1869 ad
1266 1826 1338 1870 cum
1463 1789 1464 1840 l

305 1908 403 1992 legati
424 1914 589 1989 venerunt,
621 1907 674 1990 qui
704 1926 739 1972 se
769 1906 809 1971 de
836 1908 1003 1991 superioris
1030 1909 1178 1993 temporis
1209 1908 1338 1973 consilio

306 2016 502 2092 excusarent,
527 2009 609 2092 quod
632 2009 775 2074 homines
798 2010 924 2074 barbari
947 2017 978 2075 et
999 2017 1126 2076 nostrae
1142 2010 1338 2075 consuetudi·

305 2113 354 2178 nis
377 2113 513 2196 imperiti
543 2113 660 2198 bellum
682 2113 797 2195 populo
820 2114 960 2178 Romano
987 2113 1145 2196 fecissent,
1170 2133 1266 2194 seque
1289 2133 1336 2196 ea,

268 2235 387 2296 aquae
409 2215 604 2298 imperasset,
629 2214 765 2280 facturos
787 2215 1017 2298 pollicerentur.
1055 2215 1116 2280 hoo
1137 2216 1198 2280 sibi
1221 2216 1338 2281 Caesar

217 2361 220 2366 -
307 2316 382 2381 satis
415 2322 589 2400 opportune
623 2316 776 2381 accidisse
809 2317 986 2401 arbitratus,
1021 2317 1105 2400 quod
1134 2337 1237 2400 neque
1266 2324 1338 2401 post
1463 2325 1464 2374 l

306 2424 428 2501 tergum
455 2418 578 2482 hostem
608 2418 783 2500 relinquere
812 2419 940 2484 volebat
969 2439 1072 2501 neque
1101 2419 1176 2484 belli
1205 2419 1337 2502 gerendi
1463 2419 1464 2498 ζ

306 2527 433 2605 propter
454 2521 530 2585 anni
552 2527 677 2604 tempus
699 2521 881 2585 facultatem
904 2521 1043 2586 habebat
1064 2541 1167 2604 neque
1190 2522 1248 2587 has
1271 2528 1337 2586 tan·
1390 2591 1394 2604 ,

306 2623 440 2688 tularum
455 2643 559 2688 rerum
575 2624 795 2707 occupationes
806 2624 990 2688 Britanniae
1006 2625 1245 2708 anteponendas
1260 2624 1337 2688 iudi·
1380 2653 1382 2655 ·

268 2727 408 2814 enabat,
432 2746 582 2810 magnum
609 2725 647 2791 iis
674 2746 837 2790 numerum
865 2725 1009 2790 obsidum
1036 2726 1177 2809 imperat.
1224 2727 1337 2808 quibus
1463 2761 1464 2820 3

305 2829 449 2894 adductis
476 2849 529 2895 eos
555 2829 588 2893 in
610 2829 705 2893 fidem
732 2829 859 2913 recepit.
905 2830 1040 2894 navibus
1068 2829 1189 2892 circiter
1215 2830 1337 2893 LXXX
1463 2829 1464 2832 ’

306 2933 455 2998 onerariis
483 2932 598 2998 coactis
625 2933 860 3015 constratisque,
889 2938 963 3014 quot
990 2931 1066 2996 satis
1093 2951 1162 2996 esse
1188 2931 1231 2994 ad
1258 2931 1337 2995 duas

306 3035 564 3121 transportandas
586 3035 727 3118 legiones
750 3035 965 3116 existimabat,
985 3032 1068 3116 quod
1090 3041 1255 3118 praeterea
1284 3054 1337 3098 na-

306 3140 390 3203 vium
413 3139 577 3222 longarum
600 3137 747 3220 habebat,
772 3137 938 3220 quaestori,
966 3136 1079 3218 legatis
1106 3136 1337 3219 praefectisque
1423 3195 1426 3200 .

268 3242 470 3310 adistribuit.
502 3241 564 3304 huo
586 3240 780 3305 accedebant
801 3241 911 3305 XVIII
935 3239 1096 3302 onerariae
1118 3259 1228 3321 naves,
1256 3258 1337 3321 quae
1463 3325 1464 3334 ἵ

306 3365 346 3410 ex
370 3364 406 3410 eo
433 3345 500 3409 loco
524 3345 564 3408 ab
592 3343 717 3408 milibus
743 3362 893 3426 passuum
916 3342 995 3407 VIII
1016 3346 1111 3405 vento
1138 3341 1335 3425 tenebantur,

305 3447 492 3530 quominus
515 3445 547 3510 in
572 3445 706 3509 eundem
728 3444 852 3529 portum
875 3445 983 3509 venire
1005 3449 1147 3528 possent:
1172 3443 1230 3508 has
1253 3443 1336 3524 equi-

268 3571 285 3618 o
304 3551 388 3616 tibus
411 3548 577 3614 distribuit.
623 3548 777 3630 reliquum
801 3547 973 3612 exercitum
1001 3544 1117 3622 Quinto
1139 3545 1259 3610 Titurio
1282 3545 1336 3612 Sa-

303 3654 377 3718 bino
409 3659 441 3718 et
467 3651 563 3716 Lucio
590 3651 800 3715 Aurunculeio
828 3651 937 3716 Cottae
967 3649 1082 3731 legatis
1113 3648 1145 3712 in
1172 3648 1336 3731 Menapios

303 3763 397 3838 atque
427 3755 460 3818 in
488 3773 540 3818 eos
570 3773 670 3837 pagos
696 3753 895 3835 Morinorum,
926 3751 967 3816 ab
998 3751 1111 3834 quibus
1134 3749 1176 3814 ad
1200 3770 1271 3814 eum
1294 3750 1334 3814 le-

269 3859 369 3941 egati
392 3877 455 3922 non
478 3861 640 3938 venerant,
665 3854 842 3919 ducendum
866 3853 966 3938 dedit3
993 3853 1139 3918 Publium
1162 3851 1332 3936 Sulpicium
