2936 4192
249 195 290 259 68
585 209 634 262 DE
651 207 767 263 BELLO
786 206 948 262 GALLICO

249 372 385 462 tudinis,
399 381 445 446 uti
461 387 493 446 et
507 380 643 445 viatores
659 379 755 444 etiam
769 378 886 443 invitos
909 378 1079 444 consistere
1101 386 1216 463 cogant
1239 385 1280 462 et,
1318 417 1319 422 κ

250 484 326 568 quid
349 484 481 566 quisque
503 503 610 548 eorum
632 481 672 547 de
695 501 820 564 quaque
841 501 875 545 re
895 479 1030 546 audierit
1051 487 1106 546 aut
1129 501 1277 566 cognove·

248 588 299 668 rit,
322 592 484 669 quaerant,
508 591 540 650 et
554 590 742 650 mercatores
756 584 790 648 in
805 582 930 668 oppidis
944 583 1057 667 vulgus
1073 583 1283 650 circumsistat

250 690 425 773 quibusque
448 708 489 752 ex
510 687 692 771 regionibus
714 686 844 750 veniant
867 706 1008 769 quasque
1029 687 1074 754 ibi
1096 707 1147 754 res
1169 708 1282 772 cogno

215 792 362 872 suerint,
383 790 586 875 pronuntiare
609 796 732 874 cogant.
763 788 813 853 his
834 790 929 854 rebus
950 796 1046 872 atque
1067 789 1281 856 auditionibus

248 894 380 979 permoti
403 891 444 957 de
466 892 595 958 summis
617 910 713 974 saepe
734 892 829 957 rebus
851 892 981 957 consilia
1002 893 1122 975 ineunt,
1150 913 1280 976 quornm

249 1017 303 1062 eos
324 997 357 1060 in
379 995 514 1079 vestigio
536 994 698 1078 paenitere
720 1014 851 1060 necesse
866 1001 923 1076 est,
947 1016 1017 1060 cum
1031 996 1160 1062 incertis
1181 1017 1280 1062 rumo-

248 1100 335 1164 ribus
368 1098 508 1164 serviant
542 1103 573 1161 et
605 1096 747 1180 plerique
776 1096 818 1161 ad
847 1098 1040 1164 voluntatem
1070 1119 1178 1164 eorum
1206 1099 1280 1165 ficta

248 1201 469 1286 respondeant.

218 1328 229 1371 1
351 1304 406 1369 VI.
441 1301 512 1379 Qua
534 1301 761 1368 consuetudine
783 1303 909 1387 cognita
931 1303 1057 1385 (laesor,
1080 1324 1122 1370 ne
1143 1304 1279 1389 graviori

248 1397 331 1473 bello
353 1411 536 1486 occurreret,
559 1405 720 1486 maturius,
744 1424 838 1487 quam
853 1412 1027 1488 consuerat,
1049 1406 1091 1471 ad
1107 1407 1279 1472 exereitum

216 1531 230 1577 a
248 1509 462 1594 proficiscitur.
509 1527 545 1573 eo
569 1527 639 1572 oum
661 1507 810 1588 venisset,
834 1528 881 1589 ea,
912 1528 993 1591 quae
1015 1508 1081 1575 iore
1103 1510 1280 1594 suspicatus

215 1619 325 1693 serat,
348 1611 433 1676 facta
455 1610 615 1695 cognovit:
639 1611 751 1675 missas
772 1611 947 1695 legationes
968 1614 1009 1676 ab
1032 1612 1191 1677 nonnullis
1206 1613 1279 1677 civi·

190 1698 193 1706 ’
248 1715 366 1780 tatibus
387 1713 430 1779 ad
446 1714 619 1780 Germanos
640 1713 852 1796 invitatosque
875 1733 938 1796 eos,
961 1714 1007 1778 uti
1028 1716 1069 1779 ab
1085 1713 1196 1780 Rheno
1219 1713 1280 1779 dis

250 1818 406 1898 cederent,
430 1817 607 1898 omniaque,
629 1836 710 1898 quae
728 1817 949 1900 postulassent,
969 1817 1010 1881 ab
1027 1836 1061 1881 se
1077 1816 1143 1884 lore
1157 1823 1277 1902 parata.

215 1943 230 1987 4
249 1941 312 2002 qua
341 1940 397 2004 spe
426 1917 553 1984 adducti
577 1919 725 1984 Germani
754 1919 847 1984 latius
869 1921 1067 2004 vagabantur
1090 1919 1176 1984 etin
1197 1919 1279 1984 fines

248 2023 429 2088 Eburonum
453 2028 484 2086 et
506 2020 748 2104 Condrusorum,
780 2021 833 2104 qui
863 2028 936 2087 sunt
957 2023 1163 2088 Treverorum
1186 2023 1278 2088 clien-

215 2133 306 2206 otes,
328 2131 547 2208 pervenerant.
578 2124 772 2207 principibus
795 2124 915 2189 Galliae
938 2125 1075 2190 evocatis
1098 2125 1276 2206 Caesarea,

250 2246 330 2308 quae
345 2233 545 2310 cognoverat,
568 2225 796 2290 dissimulanda
818 2227 878 2292 sibi
894 2228 1087 2293 existimavit
1109 2248 1278 2312 eorumque

248 2329 362 2392 animis
383 2327 548 2412 permulsis
571 2334 603 2392 et
618 2328 807 2394 confirmatis
823 2329 1026 2413 equitatuque
1040 2331 1192 2415 imperato
1214 2332 1277 2397 bel-

248 2432 312 2494 lum
335 2451 405 2495 eum
428 2430 593 2496 Germanis
615 2450 725 2514 gerere
747 2432 916 2497 constituit.

216 2556 228 2602 1
350 2533 421 2598 VII.
465 2534 513 2598 Re
542 2532 745 2598 frumentaria
775 2542 954 2619 comparata
984 2537 1204 2620 equitibusque
1225 2536 1277 2602 de

150 2645 153 2650 ’
247 2637 336 2702 lectis
357 2637 417 2701 iter
438 2635 472 2700 in
495 2655 533 2700 ea
554 2636 623 2700 loca
645 2635 750 2702 iacere
772 2637 883 2722 coepit,
915 2638 1029 2721 quibus
1051 2639 1085 2704 in
1107 2640 1184 2705 locis
1207 2659 1277 2706 esso

214 2741 420 2807 sGermanos
448 2737 606 2804 audiebat.
650 2759 671 2802 a
704 2739 817 2821 quibus
850 2759 921 2804 oum
953 2761 1122 2824 paucorum
1155 2741 1276 2806 dierum

248 2843 306 2906 iter
334 2831 469 2922 abesset,
499 2840 595 2925 legati
623 2842 664 2906 ab
694 2827 929 2924 his'venerunt,
961 2863 1091 2925 quorum
1116 2845 1196 2908 haec
1217 2844 1277 2909 init

214 2944 358 3012 coratio:
383 2944 557 3009 Germanos
586 2963 690 3026 neque
718 2945 837 3028 priores
859 2946 973 3029 populo
996 2947 1136 3012 Romano
1159 2947 1276 3013 bellum
1302 3002 1305 3008 .

245 3046 371 3127 inferre,
394 3065 498 3128 neque
519 3053 625 3131 tamen
644 3066 799 3128 recusare,
822 3047 849 3112 si
863 3048 1066 3130 lacessantur,
1090 3049 1165 3132 quin
1180 3049 1275 3115 armis

247 3148 448 3230 contendant,
472 3147 555 3230 quod
578 3147 803 3214 Germanorum
826 3149 1016 3216 consuetudo
1043 3151 1084 3216 sit
1109 3171 1130 3215 a
1155 3151 1276 3217 maiori·

245 3255 306 3319 bus
327 3249 452 3331 tradita,
475 3251 663 3332 quicumque
684 3252 800 3318 bellum
822 3251 968 3334 inferant,
997 3254 1143 3319 resistere
1172 3274 1276 3337 neque

213 3354 417 3438 sdeprecari.
451 3353 531 3418 haec
563 3361 669 3418 tamen
702 3353 816 3436 dicere,
846 3355 972 3420 venisse
1000 3356 1125 3441 invitos,
1160 3357 1276 3423 eiectos

246 3457 352 3542 domo;
382 3456 410 3522 si
440 3475 529 3521 suam
557 3457 692 3540 gratiam
720 3458 854 3522 Romani
876 3459 984 3541 velint,
1007 3479 1100 3544 posse
1121 3460 1160 3526 iis
1182 3460 1276 3525 utiles

247 3581 316 3626 esse
337 3560 469 3644 amicos;
492 3559 543 3624 vel
565 3559 625 3625 sibi
647 3579 739 3646 agros
761 3561 934 3626 attribuant
955 3563 1007 3628 vel
1032 3563 1193 3647 patiantur
1221 3582 1275 3628 eos

211 3669 363 3744 stenerc,
394 3682 471 3745 quos
500 3662 595 3726 armis
624 3662 834 3745 possederint:
865 3683 934 3730 sese
963 3664 1035 3730 unis
1061 3665 1174 3732 Suebis
1205 3685 1274 3730 con·
1348 3703 1351 3709 ·

247 3766 367 3847 cedere,
402 3766 515 3848 quibus
548 3785 589 3830 ne
615 3763 665 3829 dii
701 3765 827 3849 quidem
859 3767 1048 3833 immortales
1081 3787 1174 3853 pares
1205 3786 1276 3834 esse
