2936 4192
278 265 320 329 56
613 280 663 333 ΒΕ
680 279 798 334 BELLO
816 279 978 336 GALLICO

278 451 419 518 arcessiti
441 450 636 533 dicebantur,
664 451 691 518 si
713 471 769 535 per
791 451 856 516 vim
878 452 1013 518 navibus
1034 453 1152 520 flumen
1178 457 1313 523 transire

243 559 439 636 soonentur,
466 553 641 639 prohibeat.
686 555 834 620 Publium
861 555 1008 620 Crassum
1038 575 1109 621 cnm
1132 557 1313 626 cohortibus

278 657 458 741 legionariis
471 657 537 724 XII
551 663 583 722 et
605 677 720 741 magno
735 677 864 722 numero
879 657 1036 740 equitatus
1058 660 1092 723 in
1108 661 1313 743 Aquitaniam

277 759 431 845 proficisci
454 761 550 842 iubet,
573 780 615 825 nc
637 779 678 826 ex
701 759 751 826 bis
772 760 953 826 nationibus
974 761 1095 826 auxilia
1120 763 1154 827 in
1177 763 1313 829 Galliam

245 884 260 929 r
278 863 441 928 mittantur
462 883 501 928 ac
522 869 632 928 tantae
654 863 798 928 nationes
822 863 1061 947 coniungantur.
1096 864 1249 942 Quintum
1262 867 1313 930 Ti-

277 955 393 1030 turium
415 966 568 1055 Sabinum
589 966 729 1049 legatum
752 985 823 1030 cum
837 965 1014 1049 legionibus
1036 966 1137 1033 tribus
1151 967 1186 1031 in
1201 968 1312 1042 Venel-

278 1069 334 1150 los,
351 1069 551 1136 Ouriosolites
568 1067 790 1150 Lexobiosque
812 1067 916 1151 mittit,
940 1070 994 1152 qni
1016 1089 1088 1135 eam
1101 1091 1230 1136 manum
1253 1070 1313 1136 dis-

244 1171 443 1239 stinendam
472 1177 567 1237 curet.
612 1171 778 1236 Decimum
805 1173 937 1238 Brutum
962 1172 1197 1238 adulescentem
1220 1174 1313 1239 classi

279 1273 469 1357 Gallicisque
491 1274 636 1356 navibus,
660 1293 739 1357 quas
767 1294 808 1338 cx
829 1274 1012 1342 Pictonibus
1039 1280 1071 1341 et
1092 1275 1242 1342 Santonis
1267 1296 1314 1340 re-

277 1377 435 1460 liquisque
456 1378 578 1462 pacatis
600 1377 781 1462 regionibus
804 1377 974 1443 convenire
1000 1379 1144 1460 iusserat,
1171 1378 1314 1463 praeficit

279 1486 320 1560 et,
344 1479 571 1564 cumprimum
593 1485 708 1564 posset,
731 1479 765 1544 in
780 1479 918 1545 Venetos
940 1480 1095 1564 proficisci
1116 1481 1213 1547 iubet.
1244 1481 1314 1565 ipse

280 1601 316 1647 eo
338 1580 537 1666 pedestribus
560 1581 658 1666 copiis
680 1581 850 1648 contendit.

246 1706 259 1752 1
381 1685 455 1750 XII.
500 1685 599 1749 Erant
622 1683 775 1750 eiusmodi
796 1683 863 1749 fere
885 1684 964 1750 situs
986 1684 1181 1770 oppidorum,
1204 1692 1239 1750 ut
1260 1705 1312 1770 po·

279 1787 340 1854 sita
362 1788 395 1852 in
418 1787 567 1854 extremis
589 1785 718 1872 lingulis
740 1786 1026 1871 promunturiisque
1048 1806 1151 1869 neque
1178 1786 1312 1872 pedibus

278 1891 399 1956 aditum
421 1890 584 1971 haberent,
608 1909 679 1954 cum
701 1909 742 1955 ex
757 1889 822 1955 alto
837 1908 872 1954 re
886 1895 993 1955 aestus
1007 1889 1212 1970 iacitavisset,
1229 1889 1313 1972 quod

279 1993 306 2059 is
335 1991 457 2058 accedit
490 2011 613 2076 semper
643 1991 789 2057 horarum
810 1991 875 2056 XII
897 1991 1009 2076 spatio,
1035 2011 1139 2075 neque
1166 1991 1311 2074 navibus,

280 2094 363 2178 qnod
384 2115 490 2160 rursus
512 2095 674 2160 minuente
696 2099 787 2159 aestu
802 2113 901 2159 naves
920 2093 953 2158 in
968 2093 1060 2160 radis
1075 2093 1310 2159 afflictarentur.

206 2262 208 2265 .
246 2197 325 2264 aita
351 2203 483 2279 utraque
509 2217 543 2262 rc
569 2195 755 2280 oppidorum
782 2196 975 2281 oppugnatio
1002 2196 1246 2282 impediebatur3
1274 2217 1313 2262 ac

246 2300 307 2368 asi
334 2298 469 2382 quando,
503 2297 721 2382 magnitudine
754 2297 858 2383 operis
890 2298 971 2364 forte
1003 2299 1151 2383 superati,
1187 2305 1313 2366 extruso

280 2401 359 2466 mari
380 2420 498 2484 aggere
519 2421 559 2466 ac
581 2400 715 2466 molibus
736 2406 832 2483 atque
858 2401 908 2467 his
935 2401 1042 2486 oppidi
1070 2402 1234 2466 moenibus
1259 2400 1312 2465 ad·

280 2503 432 2586 aequatis,
462 2504 527 2569 suis
556 2503 689 2569 fortunis
716 2501 883 2588 desperare
914 2510 1091 2588 coeperant,
1121 2524 1237 2588 magno
1260 2524 1313 2568 nu·

281 2625 365 2672 mero
387 2607 516 2671 navium
538 2607 679 2691 appulso,
703 2606 790 2672 cuius
812 2607 858 2672 rei
880 2626 1033 2696 summam
1056 2606 1238 2672 facultatem
1260 2605 1313 2670 ha·

282 2710 408 2792 bebant,
432 2731 489 2776 sua
511 2709 721 2795 deportabant
743 2709 848 2775 omnia
869 2729 966 2792 seque
982 2709 1014 2773 in
1037 2709 1181 2792 proxima
1196 2707 1313 2792 oppida
1410 2705 1411 2708 ’

246 2813 487 2898 trecipiebant;
517 2813 563 2880 ibi
592 2832 627 2878 se
659 2832 765 2878 rursus
794 2811 907 2878 iisdem
937 2811 1222 2896 opportunitatibus
1253 2811 1313 2876 loci

247 2913 503 2984 adelendebant.
548 2914 628 2980 haec
655 2934 692 2980 eo
721 2914 844 2980 facibus
866 2934 1015 2998 magnam
1035 2919 1158 2998 partem
1184 2913 1314 2978 aestatis

282 3017 450 3098 faciebant,
474 3016 558 3099 quod
579 3022 704 3082 nostrae
724 3036 822 3083 naves
836 3016 1076 3100 tempestatibus
1091 3014 1314 3080 detinebantur

283 3138 466 3201 summaque
496 3123 563 3184 erat
584 3125 675 3184 vasto
704 3127 800 3202 atque
830 3123 938 3203 aperto
960 3117 1049 3198 mari,
1077 3117 1201 3200 magnis
1222 3118 1314 3181 aesti-

283 3222 351 3301 bus,
374 3221 452 3287 raris
473 3241 512 3287 ao
533 3241 631 3306 prope
652 3222 746 3287 nullis
768 3222 908 3306 portibus
935 3217 1105 3284 difficultas
1128 3217 1312 3301 navigandi.

250 3343 263 3391 r
384 3323 474 3388 XIII.
518 3325 665 3407 Namque
696 3325 834 3409 ipsorum
866 3341 966 3388 naves
998 3321 1041 3386 ad
1073 3320 1158 3386 hunc
1186 3319 1314 3385 modum

282 3425 386 3491 factae
396 3433 599 3507 armataeque
611 3432 714 3490 erant:
731 3427 856 3492 carinae
870 3425 1032 3507 aliquanto
1047 3423 1204 3508 planiores
1220 3442 1314 3504 quam

282 3535 457 3594 nostrarum
479 3529 616 3613 navium,
641 3549 702 3612 quo
724 3529 848 3595 facilius
862 3528 947 3594 vada
961 3547 1000 3593 ao
1022 3527 1186 3593 decessum
1208 3532 1315 3591 aestus
1354 3585 1356 3592 .

247 3651 264 3698 a
283 3631 429 3715 excipere
450 3637 593 3716 possent;
617 3651 727 3716 prorae
750 3631 920 3697 admodum
950 3637 1083 3711 erectae,
1113 3635 1210 3712 atque
1239 3629 1315 3693 item

281 3753 404 3818 puppes
432 3733 475 3798 ad
504 3733 754 3818 magnitudinem
784 3733 935 3800 fluctuum
959 3739 1245 3818 tempestatumque
1266 3750 1315 3795 ac
1367 3807 1370 3814 γ

246 3834 511 3922 acommodata03
539 3856 638 3903 naves
664 3842 749 3902 totae
776 3835 880 3902 factae
906 3856 947 3901 ex
969 3837 1080 3901 robore
1102 3834 1145 3898 ad
1172 3832 1316 3916 quamvis
