2966 4196
287 207 347 272 126
498 273 500 282 ,
617 221 668 276 DE
685 219 802 276 BELLO
819 219 981 278 GALLIGO

285 417 357 462 num
381 415 456 462 vero
478 393 663 460 vicesimum
692 393 830 458 feminae
858 395 1001 458 notitiam
1030 393 1180 460 habuisse
1201 395 1234 460 in
1256 401 1318 460 tur·

284 497 422 585 pissimis
453 499 574 564 habent
606 499 714 582 rebus3
753 497 840 563 cuius
874 497 919 562 rei
947 497 1035 562 nulla
1065 504 1113 563 est
1141 498 1318 580 occultatio,

286 603 369 686 quod
392 609 423 668 et
444 602 619 686 promiscue
640 601 675 665 in
700 599 882 666 fluminibus
910 600 1094 684 perluuntur
1124 606 1155 666 et
1184 593 1319 685 pellibus

285 714 339 772 aut
361 707 468 791 parvis
490 725 644 770 renonum
664 703 845 786 tegimentis
873 709 1013 785 utuntur,
1041 723 1159 788 magna
1181 705 1318 789 corporis

285 817 374 895 parte
397 808 492 873 nuda.

253 933 266 979 1
388 913 494 978 XXII.
538 911 757 994 Agriculturae
786 930 849 974 non
880 909 1017 992 student,
1051 911 1211 995 maiorque
1244 932 1319 997 pars

252 1037 392 1086 aeorum
406 1017 509 1081 victus
532 1016 564 1078 in
587 1015 678 1095 lacte,
702 1031 803 1094 caseo,
827 1033 920 1078 carne
936 1013 1088 1080 consistit.
1118 1034 1222 1098 neque
1238 1016 1319 1099 quis-

287 1141 381 1203 quam
402 1119 470 1202 agri
493 1117 620 1182 modum
643 1121 761 1180 certum
783 1122 838 1180 aut
859 1116 939 1181 fines
960 1116 1058 1182 habet
1086 1119 1238 1203 proprios,
1261 1117 1317 1184 sed

286 1223 488 1307 magistratus
520 1241 564 1285 ac
592 1220 750 1304 principes
789 1220 823 1284 in
856 1239 957 1285 annos
995 1221 1136 1305 singulos
1168 1223 1318 1306 gentibus

287 1325 589 1410 cognationibusque
611 1323 782 1404 homiuum,
806 1323 859 1406 qui
881 1330 948 1388 turn
969 1343 1034 1388 una
1049 1325 1199 1407 coierunt,
1223 1346 1320 1408 quan·

287 1436 351 1494 tum
375 1435 407 1494 et
430 1448 490 1510 quo
512 1428 579 1492 loco
602 1427 705 1491 visum
728 1432 775 1491 est
797 1427 875 1509 agri,
905 1427 1081 1492 attribuunt
1110 1433 1205 1511 atque
1234 1449 1319 1494 anno
1345 1469 1349 1478 ·

254 1538 358 1617 apost
379 1532 441 1596 alio
463 1529 596 1595 transire
619 1536 743 1612 cogunt.
790 1529 857 1594 eius
879 1529 922 1594 rei
952 1531 1066 1596 multas
1088 1531 1225 1596 afferunt
1249 1553 1320 1598 cau-

287 1656 351 1701 sas:
375 1655 416 1699 ne
437 1633 565 1698 assidua
580 1632 805 1698 consuetudine
828 1633 911 1716 capti
933 1632 1072 1698 studium
1094 1634 1169 1699 belli
1188 1635 1318 1719 gerendi

282 1739 478 1824 ‘agricultura
507 1743 711 1821 commutent3
743 1756 784 1800 ne
813 1737 892 1800 latos
921 1734 1001 1800 fines
1029 1728 1142 1821 parare
1171 1737 1320 1807 studeant

287 1843 540 1928 potentioresque
554 1840 738 1922 humiliores
748 1826 999 1922 possessionibus
1015 1839 1192 1925 expellant,
1215 1861 1256 1906 ne
1270 1862 1320 1906 ac·

225 1961 231 1972 ¹
288 1946 422 2011 curatius
434 1944 475 2008 ad
490 1944 607 2027 frigora
620 1949 715 2024 atque
730 1948 836 2006 aestus
847 1941 993 2006 vitandos
1003 1941 1185 2028 aedificent;
1201 1963 1242 2008 ne
1258 1964 1320 2027 qua

289 2050 405 2114 oriatur
419 2048 573 2132 pecuniae
589 2045 754 2129 cupiditas,
778 2065 841 2127 qua
856 2065 896 2110 cx
918 2065 953 2110 rc
974 2045 1131 2112 factiones
1153 2046 1320 2115 dissensio

255 2171 407 2233 suesque
422 2155 605 2233 nascuntur;
621 2156 657 2212 ut
678 2148 776 2212 animi
798 2149 957 2230 aequitate
979 2149 1104 2234 plebem
1128 2152 1319 2234 contineant,

290 2275 360 2319 cum
382 2272 456 2318 suas
472 2252 603 2334 quisque
619 2270 695 2335 opes
715 2271 786 2316 cum
804 2252 1031 2336 potentissimis
1050 2254 1180 2336 aequari
1203 2255 1319 2320 videat.

257 2380 269 2426 ι
391 2355 512 2420 xxru.
558 2354 747 2420 erasurus
775 2354 916 2419 maxima
943 2355 1014 2446 uus
1043 2363 1099 2422 es
1113 2339 1208 2440 quant
1237 2358 1320 2423 raus

256 2459 367 2528 asimo
389 2458 505 2522 circum
528 2477 563 2522 se
584 2457 716 2522 vastatis
737 2457 854 2523 finibus
876 2457 1060 2524 solitudines
1089 2459 1216 2526 habere.
1261 2461 1321 2527 hoc

289 2561 448 2646 proprium
481 2560 605 2626 virtutis
639 2561 835 2642 existimant,
874 2562 1021 2645 expulsos
1053 2563 1139 2646 agris
1171 2563 1321 2630 finitimos

256 2686 271 2734 a
291 2663 402 2731 cedere
424 2684 527 2747 neque
550 2683 738 2748 quemquam
759 2683 857 2747 prope
879 2662 997 2729 audere
1019 2665 1204 2752 consistere;
1228 2668 1321 2732 simul

289 2769 349 2834 hoo
378 2788 412 2833 se
441 2768 508 2832 fore
537 2767 667 2833 tutiores
693 2767 893 2848 arbitrantur,
923 2768 1108 2852 repentinae
1133 2769 1321 2836 incursionis

257 2893 272 2940 4
291 2872 401 2936 timore
424 2872 555 2937 sublato.
595 2891 665 2936 cum
687 2871 804 2936 bellum
827 2871 938 2936 civitas
959 2877 1014 2937 aut
1036 2872 1157 2938 illatum
1179 2873 1322 2940 defendit

289 2980 344 3039 aut
372 2974 478 3055 infert,
508 2974 719 3056 magistratus,
750 2973 804 3056 qui
834 2974 863 3038 ei
889 2975 972 3039 bello
1001 2976 1150 3060 praesint,
1180 2984 1215 3041 ut
1237 2977 1322 3043 vitae

257 3099 272 3144 c
290 3079 439 3160 necisque
461 3077 600 3142 habeant
621 3082 819 3159 potestatem,
843 3076 1031 3160 deliguntur.
1062 3079 1095 3143 in
1117 3100 1197 3164 pace
1219 3081 1322 3148 nullus

291 3187 338 3245 est
361 3179 533 3244 communis
555 3179 766 3262 magistratus,
790 3179 847 3244 sed
869 3181 1027 3265 principes
1049 3183 1212 3267 regionum
1227 3191 1323 3268 atque

290 3302 442 3366 pagorum
464 3282 546 3345 inter
568 3301 640 3346 suos
661 3282 711 3346 ius
730 3281 840 3346 dicunt
855 3286 1145 3368 controversiasque
1167 3288 1321 3355 minuunt.

257 3384 454 3453 clatrooinia
486 3385 605 3448 nullam
639 3384 757 3449 habent
790 3385 969 3468 infamiam,
1004 3408 1086 3471 quae
1119 3397 1210 3455 extra
1242 3392 1323 3457 fines
1354 3379 1365 3404 ²
1460 3397 1461 3418 ¹

293 3487 442 3569 cuiusque
465 3486 601 3572 civitatis
623 3487 711 3567 fiunt,
741 3493 836 3570 atque
863 3508 902 3552 ea
930 3490 1102 3557 iuventutis
1125 3495 1323 3560 exercendae

259 3611 329 3659 tac
361 3590 503 3656 desidiae
536 3589 726 3654 minuendae
760 3611 856 3656 causa
888 3591 955 3656 fieri
988 3594 1182 3677 praedicant.
1228 3605 1324 3681 atque

292 3693 345 3758 ubi
369 3694 438 3775 quis
462 3713 502 3757 ex
526 3693 719 3776 principibus
741 3693 774 3756 in
798 3695 928 3758 concilio
952 3695 1033 3759 dixit
1055 3717 1090 3761 se
1112 3697 1224 3764 ducem
1247 3701 1324 3782 fore,

293 3797 345 3877 qui
360 3796 449 3878 sequi
464 3795 572 3876 velint,
593 3795 807 3880 profiteantur,
824 3805 1014 3880 consurgunt
1029 3799 1061 3879 ii,
1082 3801 1135 3880 qui
1151 3808 1182 3866 et
1198 3822 1323 3868 causam
