2966 4196
419 223 540 279 COMM.
553 221 617 278 VII.
635 221 718 276 GAP.
731 221 934 276 LXII—LXV.
1136 205 1196 266 171

166 405 276 464 torem.
300 398 342 462 ab
364 395 424 462 hoc
439 395 571 462 concilio
589 394 691 478 Remi,
707 395 877 479 Lingones,
893 393 1023 459 Treveri
1045 393 1200 477 afuerunt,
1220 414 1235 462 r

165 502 222 586 illi,
255 498 339 584 quod
367 500 539 565 amicitiam
568 500 780 564 Romanorum
810 497 1032 581 sequebantur,
1063 497 1202 580 Treveri,

166 602 253 687 quod
274 605 409 669 aberant
429 602 556 686 longius
578 607 610 666 et
632 601 673 665 ab
689 600 857 666 Germanis
871 601 1105 685 premebantur,
1122 619 1203 681 quae

166 707 227 772 fuit
258 725 362 787 causa,
393 726 489 788 quare
520 710 586 770 tcto
608 705 759 770 abessent
780 703 863 768 bello
886 710 919 768 et
940 703 1061 768 neutris
1083 703 1204 768 auxilia
1325 711 1330 722 '

166 809 336 874 mitterent.
382 827 499 890 magno
521 805 628 872 dolore
649 805 752 871 Aedui
775 805 881 870 ferunt
902 824 937 870 se
960 803 1099 870 deiectos
1121 806 1238 890 prin-s

167 911 284 996 cipatu,
316 917 489 992 quemntur
517 909 662 975 fortunae
692 909 968 974 commutationem
998 915 1030 974 et
1061 911 1205 976 Caesaris

166 1012 399 1096 indulgentiam
431 1013 465 1077 in
499 1000 534 1078 se
567 1012 745 1096 requirunt,
779 1031 884 1093 neque
916 1018 1025 1076 tamen
1058 1019 1204 1096 suscepto

166 1117 251 1182 bello
273 1135 364 1181 suum
387 1115 551 1181 consilium
574 1114 615 1179 ab
638 1114 768 1196 refiquis
791 1134 937 1198 separare
959 1113 1088 1180 audent.
1112 1114 1239 1183 invitia

168 1238 311 1285 summae
343 1218 412 1302 spei
444 1216 665 1282 adulescentes
697 1215 893 1301 Eporedorix
927 1223 959 1282 et
988 1217 1205 1283 Viridomarus

167 1320 420 1404 Vercingetorigi
442 1327 563 1404 parent.

272 1423 385 1487 LXlV.
430 1423 504 1506 Ipse
533 1422 668 1505 imperat
698 1421 827 1504 reliquis
861 1422 1043 1488 civitatibus
1077 1422 1236 1491 obsidesr

168 1526 316 1608 diemque
346 1524 420 1589 huic
449 1525 495 1589 rei
525 1525 699 1608 constituit;
730 1544 840 1589 omnes
871 1527 1002 1608 equites,
1033 1527 1095 1590 XV
1117 1527 1205 1591 milia

168 1647 308 1711 numero,
332 1627 475 1692 celeriter
497 1627 666 1692 convenire
688 1626 784 1691 iubet.
816 1626 969 1711 peditatu,
993 1649 1087 1712 quem
1108 1637 1238 1697 auteaa

167 1731 332 1810 habuerat,
355 1749 390 1795 se
412 1729 479 1794 fore
501 1735 684 1794 contentum
706 1729 792 1812 dicit,
815 1748 919 1811 neque
933 1729 1092 1823 fortunam
1107 1737 1204 1815 temp-

167 1841 306 1899 taturum
328 1832 438 1897 autin
460 1831 530 1897 acie
545 1830 776 1913 dimicaturum,
799 1831 866 1916 sed,
891 1833 1040 1915 quoniam
1061 1833 1204 1899 abundet

168 1937 320 2020 equitatu,
343 1933 495 2019 perfacile
516 1953 586 1999 esse
608 1933 696 1999 factu
711 1933 1010 2002 frumentationibus
1031 1936 1203 2020 pabulatio

167 2039 325 2120 nibusque
354 2038 512 2102 Romanos
541 2036 723 2122 prohibere3
754 2057 856 2121 aequo
886 2037 979 2104 modo
1009 2040 1116 2104 animo
1146 2059 1237 2108 suaa

167 2143 229 2227 ipsi
261 2140 420 2204 frumenta
453 2146 654 2223 corrumpant
686 2140 893 2224 aedificiaque
925 2142 1107 2226 incendant,
1141 2164 1204 2227 qua

100 2308 102 2314 .
167 2245 214 2310 rei
236 2242 401 2309 familiaris
422 2242 543 2307 iactura
564 2250 751 2328 perpetuum
774 2244 941 2329 imperium
962 2247 1203 2330 libertatemque

168 2369 203 2414 se
225 2346 375 2429 consequi
397 2344 537 2410 videant.
576 2345 626 2411 his
648 2347 826 2413 constitutis
847 2349 943 2414 rebus
964 2350 1085 2416 Aeduis
1107 2351 1237 2434 Sego-4

168 2451 337 2532 siavisque,
369 2448 422 2531 qui
445 2454 519 2514 sunt
540 2448 666 2514 finitimi
687 2450 879 2534 provinciae,
911 2451 1022 2518 decem
1043 2454 1130 2518 milia
1151 2475 1203 2538 pc-

168 2555 268 2620 ditum
290 2553 439 2636 imperat;
463 2551 526 2616 huc
546 2551 637 2616 addit
659 2553 781 2633 equites
804 2554 1012 2638 octingentos.
1044 2555 1094 2621 his
1115 2576 1236 2640 prae-s

167 2657 234 2723 ficit
255 2655 384 2720 fratrem
406 2653 629 2738 Eporedorigis
651 2655 831 2737 bellumque
853 2655 963 2720 inferri
981 2657 1202 2741 Allobrogibus

167 2762 264 2826 iubet.
309 2757 409 2822 altera
432 2763 585 2840 exparte
608 2756 745 2822 Gabalos
774 2757 997 2840 prox-imosque
1026 2779 1125 2842 pagos
1147 2759 1236 2828 Arc

167 2881 335 2928 vernorum
356 2859 391 2924 in
413 2859 552 2942 Helvios,
575 2859 652 2924 item
667 2860 809 2930 Rutenos
824 2859 1044 2944 Cadurcosque
1058 2861 1101 2926 ad
1122 2862 1201 2927 fines

168 2966 335 3031 Volcarum
349 2962 605 3028 Arecomicomm
627 2960 864 3046 depopulandos
886 2962 991 3027 mittit.
1026 2963 1125 3029 nihilo
1147 2965 1234 3034 mir

168 3088 228 3133 uus
250 3064 455 3132 clandestinis
484 3065 603 3129 nuntiis
632 3065 906 3148 legationibusque
928 3065 1115 3150 Allobrogas
1145 3069 1202 3134 sol-

167 3171 276 3253 licitat,
305 3188 436 3251 quorum
464 3174 588 3233 mentes
617 3165 758 3232 nondum
787 3169 827 3233 ab
859 3169 1019 3252 superiore
1048 3171 1131 3236 bello
1156 3191 1202 3236 re-

168 3273 288 3338 sedisse
322 3271 478 3355 sperabat.
524 3270 634 3335 horum
663 3269 859 3354 principibus
885 3272 1045 3356 pecunias,
1080 3273 1235 3344 civitatis

168 3383 274 3441 autem
296 3374 463 3458 imperium
485 3373 580 3438 totius
602 3372 784 3457 provinciae
806 3373 978 3457 pollicetur.

271 3477 368 3542 LXV.
392 3475 443 3541 Ad
464 3475 522 3540 hcs
537 3495 647 3540 omues
669 3495 761 3541 casus
782 3477 910 3560 provisa
932 3485 1021 3542 erant
1043 3479 1201 3563 praesidia
1222 3502 1233 3547 ι

168 3579 342 3646 cohortium
365 3579 497 3644 duarum
520 3586 551 3643 et
573 3578 697 3662 viginti,
728 3596 809 3661 quae
832 3597 873 3644 ex
902 3579 972 3663 ipsa
1001 3587 1110 3646 coacta
1135 3602 1203 3666 pro·

168 3682 275 3749 vincia
296 3683 337 3746 ab
360 3681 456 3746 Lucio
480 3681 615 3748 Caesare
636 3681 742 3764 legato
763 3679 806 3744 ad
835 3701 944 3746 omnes
973 3689 1079 3766 partes
1108 3702 1202 3769 oppo-

169 3786 334 3851 nebantur.
379 3783 486 3849 Helvii
515 3804 572 3848 sua
599 3789 710 3866 sponte
734 3803 804 3847 cum
826 3783 968 3848 finitimis
990 3785 1108 3867 proelio
1132 3807 1234 3856 con-c
