2960 4192
529 223 636 279 COMM.
648 222 727 278 VIII.
746 221 829 276 CAP.
841 220 971 274 L-LIV.
1204 203 1267 266 213

237 402 361 469 senatui
382 399 547 484 pollicitus,
571 397 600 462 si
622 415 716 478 quem
730 395 822 458 timor
836 413 993 458 armorum
1008 392 1153 459 Caesaris
1168 391 1270 457 laede·

237 515 294 586 ret,
319 503 468 588 quoniam
483 500 614 584 Pompei
629 498 799 564 dominatio
814 504 910 579 atque
924 516 1013 560 arma
1026 516 1091 561 non
1105 495 1270 566 minimum

237 615 388 673 terrorem
421 605 488 670 soro
525 602 691 683 inferrent,
725 599 902 666 discederet
934 605 1066 681 uterque
1099 598 1140 664 ab
1175 598 1270 664 armis

239 707 460 790 exercitusque
490 705 674 770 dimitteret:
708 704 776 768 fore
809 722 847 767 eo
879 702 965 767 facto
997 702 1132 766 liberam
1161 707 1193 766 et
1222 700 1272 766 sui

238 812 315 877 iuris
346 811 515 876 civitatem.
560 828 664 890 neque
694 807 754 872 boc
783 812 905 870 tantum
934 796 1091 889 pollicitus
1122 810 1179 885 est,
1214 801 1305 872 sede

242 913 335 978 etiam
358 919 486 978 senatus
509 911 684 976 consultum
706 930 763 994 per
777 908 1002 974 discessionem
1024 906 1129 971 faeere
1151 906 1271 991 coepit;

240 1015 325 1099 quod
346 1035 387 1080 ne
409 1015 507 1095 fieret,
531 1013 676 1077 eonsules
697 1011 853 1093 amicique
875 1009 1006 1094 Pompei
1037 1007 1200 1074 evicerunt
1228 1014 1272 1072 at·

240 1139 301 1202 que
323 1118 368 1182 ita
389 1137 455 1182 rem
478 1115 628 1180 morando
651 1114 874 1180 discusserunt.

344 1221 428 1285 LIII.
473 1219 624 1302 Magnum
646 1217 707 1283 boc
728 1216 943 1282 testimonium
966 1220 1095 1280 senatus
1118 1221 1185 1279 crat
1206 1213 1305 1281 uni-1

241 1324 325 1389 versi
348 1322 601 1403 conveniensque
627 1319 781 1405 superiori
807 1319 901 1384 facto.
946 1338 1022 1383 nam
1043 1318 1085 1382 M.
1109 1317 1274 1382 Marcellus

241 1426 384 1512 proximo
404 1445 498 1506 auno,
522 1444 594 1488 curn
608 1424 808 1508 impugnaret
824 1421 968 1487 Caesaris
983 1420 1180 1505 dignitatem,
1204 1439 1274 1484 con·

242 1537 298 1594 tra·
319 1529 423 1612 legem
451 1526 583 1610 Pompei
612 1532 643 1590 et
666 1525 769 1592 Crassi
799 1525 947 1602 retulerat
976 1529 1050 1588 ante
1079 1529 1204 1606 tempus
1232 1519 1274 1586 ad

242 1637 388 1697 senatum
411 1629 450 1695 de
473 1628 618 1695 Caesaris
640 1627 819 1712 provinciis,
843 1627 1069 1708 sententiisque
1099 1625 1190 1690 dictis
1214 1623 1274 1690 dis-

243 1733 417 1799 cessionem
439 1731 576 1796 faciente
598 1730 754 1811 Marcello,
779 1729 833 1812 qui
855 1729 916 1794 sibi
939 1747 1064 1794 omnem
1087 1728 1274 1811 dignitatem

166 1922 168 1926 Ι
243 1857 285 1900 ex
307 1834 452 1920 Caesaris
474 1831 596 1898 invidia
618 1832 797 1915 quaerebat,
820 1838 949 1897 senatus
970 1831 1119 1914 frequens
1148 1832 1181 1895 in
1211 1831 1274 1895 alia

242 1937 349 2002 omnia
370 1936 501 2001 transiit.
548 1935 660 2017 quibus
682 1955 746 1999 nou
768 1934 995 2018 frangebantur
1016 1933 1114 1998 animi
1136 1933 1307 2000 inimico-a
1340 1999 1343 2006 ,

243 2061 312 2104 rum
335 2039 488 2120 Caesaris,
512 2037 569 2103 sed
591 2037 850 2118 admonebantur,
881 2057 942 2119 quo
965 2036 1099 2101 maiores
1127 2042 1275 2120 pararent

243 2142 457 2222 necessitates,
482 2141 595 2223 quibus
614 2139 684 2223 cogi
702 2145 810 2223 posset
829 2145 956 2204 senatus
978 2137 1012 2203 id
1025 2139 1167 2224 probare,
1191 2137 1275 2222 quod

243 2243 304 2328 ipsi
327 2243 570 2308 constituissent.
862 2255 864 2258 ·

346 2345 427 2409 LIV.
462 2345 515 2408 Fit
537 2343 653 2409 deinde
676 2350 804 2410 senatus
827 2345 1013 2427 consultum,
1036 2351 1071 2410 ut
1092 2344 1135 2410 ad
1157 2345 1274 2410 bellum
1295 2366 1307 2412 1

244 2447 424 2511 Par-thleum
446 2447 528 2530 legio
551 2467 615 2510 una
636 2448 732 2512 aen.
748 2447 908 2531 Pompeio,
932 2448 1031 2512 altera
1052 2447 1121 2513 aC.
1139 2447 1275 2514 Caesare

244 2550 433 2633 mitteretur;
456 2569 559 2631 neque
581 2549 713 2614 obscure
729 2547 811 2614 duae
832 2550 973 2632 legiones
988 2550 1043 2613 uni
1058 2547 1273 2614 detrahuntur.

244 2673 319 2717 nanr
333 2653 390 2718 Cn.
407 2652 575 2735 Pompeius
596 2651 753 2734 legionem
775 2652 918 2735 primam,
942 2673 1036 2734 quam
1051 2651 1093 2716 ad
1108 2653 1275 2718 Caesarem
1294 2672 1309 2720 a

245 2756 372 2819 miserat
395 2753 571 2818 confectam
598 2773 639 2818 cx
667 2753 791 2818 delectu
816 2754 997 2838 provinciae
1021 2754 1174 2836 Caesaris,
1206 2775 1275 2820 eam

245 2861 405 2940 tamquam
427 2877 468 2921 ex
491 2876 547 2922 suo
569 2876 699 2921 numero
722 2854 818 2921 dedit.
865 2859 981 2923 Caesar
1003 2863 1118 2939 tamen,
1142 2877 1213 2922 cum
1236 2857 1309 2925 dea
1403 2923 1405 2926 .

244 2960 406 3024 voluntate
435 2959 564 3023 minime
593 2959 723 3024 dubium
754 2965 838 3025 esset
865 2959 1114 3026 adversariorum
1140 2979 1275 3042 suorum,
1385 2951 1387 2958 ’

245 3062 393 3145 Pompeio
416 3061 573 3144 legionem
594 3061 714 3126 remisit
736 3067 768 3125 et
790 3081 846 3127 suo
874 3063 1000 3128 nomine
1028 3062 1168 3145 quintam
1196 3062 1277 3128 deei-

245 3185 338 3245 mam,
374 3185 467 3246 quam
500 3165 534 3229 in
564 3163 667 3230 Gallia
700 3163 841 3229 citeriore
874 3164 1042 3246 habuerat,
1078 3185 1119 3229 ex
1149 3173 1277 3230 senatus

245 3266 385 3332 consulto
417 3267 505 3332 iubet
533 3266 623 3330 tradi.
669 3266 702 3330 in
736 3268 803 3332 eius
835 3268 938 3332 locum
968 3268 1092 3332 tertiam
1122 3268 1276 3334 decimam

244 3367 402 3450 legionem
431 3369 464 3434 in
487 3369 611 3433 Italiam
640 3369 745 3452 mittit,
777 3390 857 3452 quae
879 3370 1037 3454 praesidia
1059 3377 1206 3452 tueretur,
1235 3390 1276 3435 ex

245 3471 358 3552 quibus
379 3471 544 3556 praesidiis
567 3472 676 3555 quinta
698 3471 821 3538 decima
843 3473 1064 3539 deducebatur.
1099 3473 1168 3558 ipse
1191 3493 1277 3540 exer·

146 3652 150 3660 ,
245 3572 320 3638 citui
349 3573 507 3640 distribuit
535 3575 681 3640 hiberna:
713 3577 747 3642 C.
776 3576 968 3641 Trebonium
999 3596 1070 3642 eum
1099 3576 1310 3660 legionibusr

244 3675 290 3740 IV
305 3676 338 3740 in
353 3677 463 3760 Belgio
486 3677 624 3760 collocat,
642 3680 675 3745 C.
700 3679 841 3745 Fabium
856 3699 927 3744 cum
949 3679 1079 3744 totidem
1101 3679 1134 3743 in
1149 3678 1277 3746 Aeduos

245 3775 381 3845 deducit.
427 3779 472 3846 sie
495 3781 578 3844 enirn
602 3782 803 3847 existimabat
833 3783 1019 3848 tutissimam
1042 3783 1109 3848 sore
1132 3783 1310 3865 Galliam,e
