2966 4196
303 264 344 328 96
624 280 674 334 DE
691 279 808 335 BELLO
826 281 987 335 GALLIGO

301 459 423 538 pestate
439 452 637 537 deperierant
651 473 759 533 naves,
782 453 903 519 duobus
919 455 1143 520 commeatibus
1159 455 1330 520 exereitum

267 577 282 624 a
301 563 459 640 reportare
480 557 623 621 instituit.
668 576 707 621 00
729 557 774 621 010
795 555 919 638 accidit,
949 557 995 622 uti
1025 577 1066 622 ex
1092 564 1180 623 tanto
1202 559 1329 622 narium

301 679 430 724 numero
463 666 509 724 tot
541 659 796 742 navigationibus
825 679 928 742 neque
956 660 1017 725 hoo
1046 680 1149 744 neque
1172 661 1330 744 superiore

300 782 384 827 0000
406 763 470 826 ulla
491 763 618 828 omnino
639 763 740 846 navis,
765 782 846 845 quae
867 763 982 828 milites
1003 769 1151 847 portaret,
1175 761 1329 828 desidera·

267 873 398 950 cretum
434 872 468 929 at
502 885 542 930 ex
575 865 624 947 iis,
663 885 743 948 quae
772 866 884 932 inanes
914 885 954 930 ex
985 866 1158 931 continenti
1187 865 1228 930 ad
1259 885 1329 930 eum

300 968 539 1049 remitterentur,
562 974 594 1034 et
614 969 726 1052 prioris
748 974 938 1033 commeatus
953 969 1104 1053 expositis
1125 968 1276 1033 militibus
1298 973 1330 1032 et

301 1090 378 1153 quas
406 1079 516 1155 postea
536 1071 696 1136 Labienus
725 1070 888 1136 faciendas
917 1077 1080 1136 curaverat
1109 1090 1238 1135 numero
1260 1071 1328 1150 LX,

299 1193 475 1257 perpaucae
496 1174 599 1238 locum
621 1181 779 1258 caperent,
801 1175 939 1257 reliquae
961 1174 1027 1240 fere
1049 1193 1158 1238 omnes
1179 1173 1328 1238 reiceren-

266 1283 358 1342 stur.
405 1295 483 1358 quas
510 1295 580 1340 curn
606 1275 799 1358 aliquamdiu
822 1277 938 1343 Caesar
963 1276 1078 1341 frustra
1105 1282 1328 1360 exspectasset,

299 1398 340 1443 ne
362 1378 438 1443 anni
460 1384 600 1463 tempore
621 1379 860 1463 enavigatione
875 1378 1103 1460 excluderetur,
1127 1378 1210 1461 quod
1225 1379 1328 1460 aequi·

266 1481 437 1550 anoctium
467 1483 602 1565 suberat,
633 1482 809 1547 necessario
838 1483 1002 1566 angustius
1030 1481 1144 1546 milites
1167 1481 1329 1546 calceavit

299 1604 347 1665 ac,
377 1603 498 1649 summa
527 1584 752 1666 tranquillitate
781 1590 959 1667 consecuta,
989 1582 1128 1649 secunda
1155 1584 1235 1648 inita
1257 1603 1327 1648 oum

299 1686 443 1752 solvisset
464 1685 582 1770 vigilia,
609 1687 710 1770 prima
736 1687 806 1752 luce
828 1692 943 1751 terram
965 1686 1070 1770 attigit
1092 1705 1262 1768 omnesque
1283 1687 1327 1751 in-

299 1789 435 1854 columes
455 1809 554 1854 naves
575 1789 732 1874 perduxit.

266 1913 279 1960 1
400 1893 518 1957 XXIV.
568 1891 736 1959 Subductis
769 1893 905 1959 naribus
939 1893 1132 1976 concilioque
1169 1892 1325 1958 Gallorum

299 1995 537 2062 Samarobrivae
559 2001 695 2078 peracto,
719 1994 802 2078 quod
825 2015 861 2060 eo
884 2015 968 2060 anno
990 1995 1181 2060 frumentum
1202 1996 1235 2058 in
1258 1995 1326 2060 Gal-

297 2098 341 2162 lia
368 2103 495 2181 propter
524 2097 681 2162 siccitates
710 2097 874 2181 angustius
903 2104 1100 2182 provenerat,
1132 2104 1257 2162 coaetus
1280 2103 1327 2162 est

298 2200 388 2264 aliter
413 2219 451 2264 00
481 2199 691 2282 superioribus
712 2201 805 2264 annis
827 2201 1000 2265 exercitum
1021 2201 1055 2265 in
1077 2200 1217 2266 bibernis
1239 2201 1326 2266 00110

265 2321 370 2368 00000
391 2302 594 2384 legionesque
615 2302 648 2365 10
671 2303 776 2386 plures
799 2303 943 2368 civitates
965 2302 1160 2368 distribuere.
1199 2324 1240 2368 ex
1263 2303 1326 2386 qui·

297 2406 357 2470 bus
378 2424 474 2468 unam
494 2404 529 2468 in
550 2404 687 2470 Morinos
709 2404 886 2470 ducendam
902 2405 980 2470 Gaio
995 2406 1094 2471 Fabio
1109 2407 1213 2490 legato
1228 2405 1325 2488 dedit,

297 2507 427 2571 alteram
453 2507 486 2570 in
507 2507 642 2578 Nervios
664 2506 780 2584 Quinto
803 2507 956 2588 Ciceroni,
983 2509 1107 2600 tertiam
1132 2509 1166 2572 in
1192 2509 1325 2574 Esubios

296 2609 393 2674 Lucio
415 2609 541 2694 Roscio;
573 2616 715 2692 quartam
743 2611 778 2674 in
807 2611 914 2675 Remis
944 2631 1015 2674 cum
1036 2611 1107 2676 Tito
1129 2612 1269 2676 Labieno
1290 2612 1323 2676 in

262 2735 278 2780 a
297 2711 431 2778 confinio
453 2713 658 2778 Treverorum
680 2712 819 2778 hiemare
841 2713 944 2798 iussit;
967 2720 1031 2779 tres
1053 2714 1086 2777 in
1108 2715 1215 2798 Belgis
1238 2715 1324 2779 collo

296 2816 393 2900 cavit3
422 2814 472 2880 his
494 2816 632 2881 Marcum
656 2817 802 2883 Crassum
832 2823 1028 2899 quaestorem
1055 2823 1086 2882 et
1107 2817 1239 2881 Lucium
1260 2818 1323 2882 Mu·

295 2919 416 2982 natium
437 2918 589 2983 Plancum
611 2926 643 2984 et
665 2920 778 2984 Gaium
800 2921 991 2985 Trebonium
1020 2921 1140 3003 legatos
1161 2919 1322 3004 praefecit.
1344 2905 1346 2909 ⁸

262 3044 277 3089 4
294 3041 391 3085 unam
404 3021 569 3103 legionem,
586 3023 837 3106 quamproxime
852 3029 938 3086 trans
952 3021 1073 3087 Padum
1089 3023 1323 3106 conscripserat,

296 3131 327 3188 et
356 3123 497 3188 cohortes
519 3124 602 3188 Vin
632 3125 804 3206 Eburones,
835 3144 965 3206 quorum
997 3145 1071 3209 pars
1103 3126 1243 3190 maxima
1276 3133 1323 3191 est

216 3290 218 3296 ,
295 3225 376 3288 10100
397 3225 517 3290 Mosam
539 3247 577 3290 00
598 3226 754 3308 Rhenum,
778 3227 831 3310 qui
853 3229 910 3293 sub
933 3227 1064 3311 imperio
1078 3227 1269 3312 Ambiorigis
1291 3236 1324 3294 et

261 3351 275 3398 5
295 3329 456 3395 Catuvolci
484 3336 582 3410 erant,
612 3329 705 3394 misit.
750 3329 801 3394 bis
822 3329 972 3395 militibus
996 3328 1147 3406 Quintum
1168 3331 1323 3396 litui-ium

295 3433 447 3499 Sabinum
470 3438 501 3498 et
522 3432 653 3497 Lucium
675 3433 919 3497 Aurunculeium
943 3433 1066 3498 Cottam
1094 3433 1214 3516 legatos
1236 3454 1324 3516 prae

261 3557 275 3604 0
295 3551 363 3601 0000
385 3535 484 3600 iussit.
525 3535 567 3599 ad
589 3535 673 3599 huno
695 3533 822 3600 modum
844 3532 1017 3600 distributis
1038 3535 1216 3618 legionibus
1237 3535 1323 3600 facil-

292 3638 366 3703 lime
387 3638 513 3723 inopiae
535 3637 757 3702 frumentariae
779 3657 849 3702 sese
870 3635 989 3702 mederi
1011 3658 1103 3722 posse
1118 3638 1319 3702 existimavit.

263 3747 388 3823 ratque
418 3740 529 3805 harum
558 3746 664 3804 tamen
690 3740 829 3804 omnium
855 3739 1012 3823 legionum
1040 3739 1172 3805 hiberna
1197 3748 1320 3824 praeter

294 3863 373 3924 eam,
397 3863 491 3925 quam
505 3843 602 3906 Lucio
617 3842 730 3906 Roscio
744 3843 778 3906 iu
800 3842 1034 3926 pacatissimam
1049 3849 1081 3907 et
1096 3842 1317 3908 cuicussimam
