2966 4196
448 216 556 273 collui.
568 216 618 274 VI.
636 215 720 272 cAP.
731 215 943 270 XXV-XXX.
1150 196 1211 261 129

176 389 325 468 cornibus
351 389 465 456 differt.
510 388 591 454 haec
616 385 756 454 studiose
782 386 959 468 conquisita
979 386 1020 451 ab
1047 384 1144 450 labris
1165 405 1245 452 ara

177 501 273 580 gente
292 490 541 559 circumcludunt
561 496 658 573 atque
679 489 713 556 in
735 489 938 574 amplissimis
960 488 1061 572 epulis
1082 508 1139 571 pro
1160 507 1213 572 pc

179 597 258 664 culis
279 600 418 662 utuntm.

283 698 405 764 XXIX.
452 697 579 778 Caesar,
601 702 769 780 postquam
798 713 855 778 per
877 693 977 760 Ubios
1000 693 1212 777 exploratores
1232 714 1243 761 r

179 801 330 885 comperit
352 784 598 868 Suebos'omnes
618 817 687 863 sese
709 797 743 862 in
765 797 862 862 silvas
884 795 1051 880 recepisse,
1074 795 1213 880 inopiam

178 903 328 987 frumenti
343 902 472 983 veritus,
496 900 591 984 quod,
607 906 642 964 ut
657 919 752 985 supra
766 898 1061 985 demonstravimus,
1083 899 1213 964 minime

179 1005 329 1072 Germani
362 1004 573 1089 agriculturae
606 1001 744 1084 student,
775 1002 937 1068 constituit
969 1022 1033 1067 non
1066 1000 1212 1087 progredi

178 1107 317 1194 longius3
341 1106 397 1173 sed
419 1127 461 1172 ne
483 1106 610 1172 omnino
632 1111 752 1172 metum
773 1104 893 1170 reditus
922 1105 971 1171 sui
992 1104 1136 1170 barbaris
1158 1104 1245 1172 tol-a

178 1212 257 1277 leret
285 1216 381 1292 atque
399 1206 445 1274 'ut
468 1229 574 1274 corum
604 1209 726 1276 auxilia
748 1206 898 1289 tardaret,
921 1205 1049 1273 reducto
1072 1206 1212 1272 exercitu

177 1319 301 1399 partem
322 1311 465 1377 ultimam
487 1311 602 1396 pontis,
627 1330 710 1394 quae
731 1311 817 1394 ripas
831 1311 984 1377 Ubiorum
999 1311 1213 1395 contingebat,

177 1417 213 1482 in
241 1414 470 1500 longitudinem
499 1413 618 1497 pedum
648 1413 853 1480 ducentorum
883 1412 1034 1478 rescindit
1062 1419 1158 1497 atque
1179 1415 1213 1478 in

180 1525 321 1584 extremo
357 1522 453 1601 ponte
485 1516 597 1580 turrim
629 1512 840 1582 tabulatorum
874 1521 1021 1598 quattuor
1053 1516 1213 1581 constituit

179 1619 434 1706 praesidiumque
456 1618 631 1684 cohortium
652 1619 717 1684 ΧΠ
745 1617 852 1702 pontis
873 1617 984 1682 tuendi
1006 1636 1103 1683 causa
1124 1619 1213 1701 ponit

179 1722 365 1806 magnisque
403 1741 475 1786 eum
511 1721 613 1786 locum
651 1719 877 1786 munitionibus
914 1719 1027 1786 firmat.
1080 1721 1110 1786 ei
1145 1721 1246 1789 locos

180 1823 399 1912 praesidioque
414 1823 528 1890 Gaium
543 1822 720 1887 Volcatium
734 1821 861 1886 Tullum
874 1821 1112 1889 adulescentem
1125 1843 1212 1907 prae-

141 1984 142 1987 ,
179 1927 263 1994 fecit.
308 1927 386 2011 ipse,
417 1945 488 1992 cum
521 1930 732 1989 maturescere
760 1923 920 1988 frmeota
952 1924 1137 2009 inciperent,
1169 1924 1246 1994 adr

180 2031 297 2096 bellum
310 2029 502 2113 Ambiorigis
516 2027 675 2116 profectus
696 2047 753 2112 per
766 2025 972 2092 Arduennam
987 2027 1109 2110 silvam,
1132 2048 1228 2111 quae.

181 2139 228 2200 est
250 2132 346 2199 totius
368 2131 491 2198 Galliac
512 2130 653 2196 maxima
674 2135 771 2214 atque
793 2129 835 2195 ab
857 2129 934 2214 ripis
956 2129 1061 2196 Rheni
1087 2130 1213 2198 linibus·

181 2255 242 2318 que
263 2236 471 2300 'lieverorum
492 2233 535 2298 ad
553 2233 688 2299 Nervios
709 2233 847 2317 pertinet
868 2233 1057 2316 milibusque
1079 2235 1213 2320 amplius

181 2337 363 2421 quingentis
384 2336 419 2400 in
441 2335 670 2419 longitudinem
691 2341 789 2420 patet,
811 2336 945 2402 Lucium
963 2337 1135 2404 Minucium
1154 2339 1214 2402 Ba·

180 2440 273 2506 silum
303 2459 373 2510 cum
403 2438 488 2503 omni
518 2438 659 2520 equitatu
687 2437 869 2520 praemittit,
899 2438 1025 2521 siquid
1055 2439 1213 2506 celeritate

179 2541 302 2607 itineris
334 2547 430 2624 atque
463 2539 696 2624 opportunitate
728 2539 879 2624 temporis
911 2539 1062 2624 proficere
1092 2547 1212 2626 possct3

180 2648 296 2724 monet,
325 2649 361 2707 ut
388 2643 479 2727 ignes
507 2643 541 2707 in
564 2641 674 2708 castris
703 2641 772 2706 fieri
800 2640 976 2726 prohibeat,
998 2662 1039 2707 ne
1061 2662 1124 2724 qua
1146 2643 1245 2712 eiust

180 2744 338 2812 adrentus
372 2745 480 2830 proc'ul
516 2743 705 2827 significatio
738 2743 807 2828 fiat;
842 2763 912 2810 sese
945 2744 1110 2810 confestim
1143 2746 1213 2810 sub-

180 2847 270 2931 sequi
293 2846 377 2912 dicit.

283 2951 387 3016 XXX.
432 2949 567 3030 Basilus,
589 2955 625 3013 ut
646 2949 833 3032 imperatum
856 2954 913 3030 est,
941 2948 1026 3014 facit.
1072 2950 1213 3014 celeriter
1232 2973 1243 3019 r

181 3059 352 3136 contraque
374 3052 514 3118 omnium
535 3050 716 3136 opinionem
739 3050 880 3117 confecto
909 3051 1022 3116 itinere
1044 3052 1158 3118 multos
1178 3052 1212 3118 in

181 3156 265 3240 agris
294 3155 496 3240 inopinantes
518 3153 739 3239 deprehendit;
771 3174 878 3220 eorum
907 3153 1024 3220 indicio
1046 3153 1088 3220 ad
1109 3155 1213 3240 ipsum

180 3257 397 3341 Ambiorigem
412 3255 583 3337 contendit,
607 3276 668 3339 quo
690 3255 724 3322 in
746 3257 814 3322 loco
830 3277 901 3322 cum
922 3257 1033 3341 paucis
1055 3259 1213 3340 equitibus

181 3379 250 3426 esse
273 3359 445 3426 dicebatur.
490 3351 623 3424 multum
645 3378 716 3424 cum
737 3359 771 3423 in
793 3359 939 3426 omnibus
960 3360 1064 3442 rebus,
1090 3367 1157 3425 tum
1178 3361 1245 3429 ins
1291 3419 1293 3422 .

182 3482 215 3527 re
248 3462 376 3526 militari
408 3467 511 3546 potest
544 3460 679 3526 fortuna.
729 3482 802 3526 nam
836 3463 916 3528 sicut
948 3483 1065 3548 magno
1096 3462 1212 3528 accidit

182 3583 267 3644 casu,
289 3571 324 3628 ut
346 3564 380 3628 in
402 3564 506 3648 ipsum
527 3564 689 3629 incautum
716 3564 811 3629 etiam
833 3571 928 3646 atquc
957 3565 1146 3650 imparatum
1168 3565 1212 3628 in-

183 3665 310 3746 cideret,
332 3667 481 3751 priusque
504 3666 571 3732 eius
600 3664 756 3732 adventus
777 3667 819 3731 ab
841 3666 1021 3732 hominibus
1043 3666 1211 3747 videretur,

184 3787 277 3851 quam
306 3767 393 3832 fama
421 3788 460 3833 ac
487 3769 617 3834 nuntius
645 3769 818 3851 afferretur,
848 3770 894 3835 sic
915 3789 1051 3853 magnac
1073 3769 1133 3834 fuit
1154 3769 1211 3834 for·

235 3877 351 3924 Caesar,
366 3877 392 3917 da
405 3878 463 3918 bello
478 3877 567 3920 Gallico.
1024 3876 1039 3921 9
