2966 4196
331 349 342 368 .
374 267 480 324 court.
492 268 538 323 IV.
557 267 639 323 ΟΑΡ.
652 266 977 322 XXXIII-XXXVIII.
1152 248 1194 313 83

160 441 281 506 vlribns
313 439 438 505 efficere
469 429 647 525 potuerunt,
679 441 854 524 complures
878 458 919 505 ex
941 439 980 504 iis
1002 436 1192 520 occiderunt,
1301 441 1303 446 ’

159 542 278 608 deinde
307 543 453 609 omnibus
483 543 578 626 longe
607 543 732 626 lateque
761 541 914 607 aedificiis
944 541 1082 607 incensis
1104 560 1139 606 66
1160 541 1193 605 in

159 653 266 712 castra
288 653 483 731 receperunt.

264 749 415 815 XXXVI.
460 749 580 816 Eodem
610 749 661 816 die
689 750 786 834 legati
815 750 855 815 ab
879 749 1021 816 hostibus
1043 749 1130 815 missi
1151 747 1224 814 adr

160 853 331 920 Gaesarem
354 851 394 918 de
415 872 495 938 pace
516 859 680 918 venerunt.
724 853 774 919 his
804 852 921 918 Caesar
948 870 1113 916 numerum
1142 851 1226 919 oba

160 957 276 1041 aidum,
299 975 393 1039 qoem
415 961 489 1020 ante
510 955 728 1040 imperaverat,
751 954 925 1040 duplicavit
939 973 1055 1036 eosque
1074 953 1107 1018 in
1123 974 1193 1018 oon·

159 1060 317 1126 timentem
345 1057 460 1123 adduci
490 1058 589 1143 iussit,
620 1058 704 1141 quod
732 1059 909 1143 propinqua
930 1057 983 1122 die
1004 1055 1193 1140 aequinoctii

160 1161 293 1228 infirmis
322 1161 458 1226 navibus
487 1160 583 1226 hiemi
611 1161 847 1244 navigationem
881 1159 1096 1226 subiciendam
1129 1179 1192 1224 666

160 1265 374 1332 existimabat.
420 1265 489 1350 ipse
522 1263 669 1330 idoneam
703 1269 924 1349 tempestatem
956 1271 1067 1330 nactus
1099 1263 1225 1349 paulos

162 1375 233 1454 post
255 1367 393 1434 mediam
422 1374 547 1434 noctem
577 1387 676 1434 naves
706 1368 813 1454 solvit3
844 1388 925 1451 quae
947 1388 1056 1434 omnes
1078 1368 1193 1433 incolu-

162 1492 230 1537 mes
259 1470 301 1536 ad
330 1470 543 1541 continentem
572 1477 797 1556 pervenerunt;
828 1471 885 1536 sed
907 1491 948 1536 ex
970 1471 1009 1538 iis
1031 1471 1224 1538 onerariaer

160 1573 244 1640 duae
267 1572 404 1657 eosdem,
428 1593 506 1656 quos
527 1573 648 1656 reliqui,
671 1579 779 1658 portus
802 1594 914 1658 capere
936 1594 999 1639 non
1025 1579 1192 1658 potuerunt

160 1683 194 1742 et
215 1676 310 1762 paulo
332 1667 415 1740 infra
437 1675 561 1741 delatae
584 1681 665 1742 sunt.

265 1779 432 1844 XXXVII.
471 1777 592 1855 Quibus
615 1798 656 1844 ex
677 1779 812 1844 navibus
835 1799 906 1844 cum
928 1784 1035 1844 essent
1057 1778 1192 1862 expositi
1212 1800 1222 1845 r

161 1882 278 1947 milites
313 1881 435 1954 circiter
467 1881 599 1947 trecenti
632 1887 728 1963 atque
760 1880 793 1944 in
824 1886 926 1947 eastra
955 1879 1190 1962 contenderent,

161 1985 283 2066 Morini,
307 2004 385 2068 quos
407 1985 524 2050 Caesar
552 1985 586 2049 in
608 1984 804 2049 Britanniam
832 1983 1034 2068 proficiscens
1062 1989 1192 2068 pacatos

161 2075 338 2172 reliquerat,
369 2107 425 2172 spe
469 2087 606 2172 praedae
635 2086 763 2152 adducti
793 2087 892 2172 primo
918 2107 982 2152 666
1011 2087 1056 2152 ita
1077 2106 1191 2172 magno

160 2211 287 2258 snorum
309 2210 439 2256 numero
462 2191 732 2256 circumsteterunt
753 2210 800 2272 ac,
823 2191 851 2256 si
873 2211 942 2257 sese
967 2189 1100 2256 interfici
1129 2189 1192 2256 nol-

161 2294 236 2378 lent,
267 2313 356 2358 arma
384 2312 501 2378 ponere
530 2293 695 2358 iusserunt.
742 2313 813 2358 cum
841 2294 887 2358 illi
916 2295 991 2360 orbe
1017 2294 1099 2358 facto
1122 2313 1224 2361 sesea

161 2395 378 2478 defenderent,
402 2396 544 2462 celeriter
565 2395 607 2460 ad
622 2395 789 2461 clamorem
811 2396 972 2470 hominum
995 2398 1116 2462 circiter
1138 2397 1192 2462 mi-

161 2499 204 2564 lia
225 2519 283 2564 rex
305 2505 528 2564 convenerunt.
559 2519 622 2582 qua
642 2518 677 2563 re
699 2499 843 2563 nuntiata
864 2500 981 2566 Caesar
1003 2520 1127 2564 omnem
1150 2519 1191 2564 ex

162 2601 272 2666 castris
295 2601 468 2683 equitatum
490 2601 555 2667 suis
577 2601 695 2666 auxilio
717 2600 810 2665 misit.
848 2601 973 2666 interim
995 2601 1093 2667 nostri
1114 2602 1223 2668 mili-a

161 2710 209 2770 tes
239 2703 391 2787 impetum
420 2703 557 2769 hostium
587 2705 802 2769 sustinuerunt
831 2709 925 2786 utque
950 2703 1093 2786 amplius·
1107 2701 1191 2767 horis

161 2811 307 2890 quattuor
329 2805 496 2872 fortissime
518 2812 740 2891 pugnaverunt
763 2817 794 2870 et
815 2806 924 2890 paucis
939 2805 1121 2870 vulneribus
1142 2825 1186 2870 ac

161 2895 261 2994 ceptis
290 2909 464 2994 complures
494 2928 535 2974 ex
561 2908 611 2976 his
633 2909 822 2975 occiderunt.
867 2913 978 2993 postea
999 2929 1074 2974 6666
1096 2929 1223 2991 quamr

160 3012 319 3095 equitatus
350 3017 456 3077 noster
488 3011 521 3077 in
556 3019 757 3098 conspectum
789 3012 886 3096 venit,
920 3011 1027 3077 hostes
1059 3011 1190 3078 abiectis

160 3115 256 3180 armis
285 3120 375 3199 terga
403 3121 563 3180 verterunt
595 3134 791 3198 magnusque
824 3134 930 3179 eornm
963 3134 1111 3180 66666666
1144 3121 1191 3182 est

158 3218 291 3283 occisus.

263 3323 447 3388 XXXVIII.
493 3323 609 3388 066666
641 3327 766 3406 postero
797 3320 849 3386 die
877 3321 983 3386 litum
1016 3322 1220 3389 Labienumr

161 3425 301 3509 legatum
324 3445 394 3490 cum
416 3425 455 3490 iis
477 3424 663 3509 legionibus,
691 3443 770 3506 quas
796 3443 838 3489 ex
866 3424 1032 3490 Britannia
1060 3425 1190 3490 reduxe-

161 3533 218 3611 rat,
249 3527 282 3592 in
312 3527 462 3610 Morinos,
494 3527 546 3610 qui
576 3528 780 3592 rebellionem
806 3526 961 3610 fecerant,
997 3527 1090 3592 misit.
1136 3527 1223 3609 qnia

160 3647 232 3693 cnm
254 3635 381 3714 propter
403 3629 559 3695 siccitates
581 3629 741 3715 paludum,
772 3650 833 3713 quo
863 3650 898 3695 66
919 3630 1103 3713 reciperent,
1117 3649 1189 3704 Ι666

160 3730 323 3812 baberent,
347 3751 408 3814 quo
430 3733 588 3817 superiore
610 3753 694 3798 anno
716 3732 859 3818 perfugio
882 3738 971 3796 erant
994 3732 1050 3815 usi,
1081 3752 1190 3797 omnes

160 3833 227 3899 fere
249 3833 283 3900 in
305 3841 493 3919 potestatem
515 3836 647 3901 Labieni
670 3841 889 3920 pervenerunt.
935 3841 968 3898 at
992 3833 1028 3909 Q.
1052 3834 1222 3904 Tituriuse
1340 3901 1343 3907 .

1003 3940 1034 3986 0}
