2966 4184
431 226 538 282 ΟΟΜΜ.
552 227 630 295 VIII.
650 226 733 282 CAP.
745 228 970 284 xxv-XXIX.
1148 211 1210 275 ¹201

182 419 284 483 neque
308 419 342 465 se
366 399 499 466 Caninio
522 401 738 484 coniunxerat,
761 408 868 465 tamen
892 399 1001 466 doctus
1024 401 1064 466 ab
1087 399 1136 480 iis,
1161 399 1214 483 qui

182 503 319 569 locorum
348 510 505 568 noverant
535 510 689 585 naturam,
712 504 910 588 potissimum
943 501 1076 568 credidit
1108 502 1214 568 hostes

182 606 363 700 perterritos
386 627 458 672 eum
479 607 591 691 locum,
616 627 709 689 quem
731 607 892 692 petebant,
916 607 1076 691 petituros.
1108 607 1249 690 itaquee

184 730 254 775 cum
278 710 376 794 copiis
398 709 440 776 ad
463 709 600 776 eundem
630 717 759 795 pontem
790 710 952 776 contendit
979 711 1215 793 equitatumque

183 819 306 878 tantum
328 812 498 898 procedere
520 821 594 879 ante
617 834 733 899 agmen
762 814 896 898 imperat
925 814 1095 898 legionum,
1119 834 1215 896 quan·

184 923 250 982 tum
284 937 355 983 cum
388 917 602 1002 processisset,
637 918 706 983 sine
739 915 967 1000 defatigatione
1001 936 1151 1001 equorum
1181 918 1214 982 in

185 1020 296 1086 eadem
318 1041 353 1086 se
374 1021 528 1106 reciperet
551 1027 663 1087 eastra.
709 1029 942 1104 consequuntur
964 1021 1084 1104 equites
1106 1022 1249 1105 nostris

184 1130 219 1188 ut
241 1130 308 1189 erat
329 1131 542 1209 praeceptum,
565 1123 783 1208 invaduntque
801 1125 958 1190 Dumnaci
979 1143 1094 1209 agmen
1118 1131 1149 1188 et
1170 1124 1215 1189 fu-

184 1228 307 1313 gientes
321 1229 564 1313 perterritosque
579 1230 636 1294 sub
653 1229 784 1295 sarcinis
805 1227 839 1293 in
854 1228 966 1293 itinere
987 1227 1131 1313 aggressi
1153 1247 1216 1292 ma·

185 1352 249 1415 gna
270 1330 389 1416 praeda
410 1332 515 1397 multis
536 1330 711 1398 interfectis
730 1332 898 1416 potiuntur.
922 1331 967 1396 ita
980 1351 1015 1396 re
1029 1331 1111 1396 bene
1126 1337 1216 1415 gesta

185 1454 220 1500 se
241 1435 398 1518 recipiunt
419 1434 453 1500 in
476 1441 587 1500 casua.

288 1537 439 1602 XXVIII.
484 1537 668 1620 Insequenti
700 1544 793 1604 nocte
822 1537 941 1604 Fabius
974 1537 1095 1620 equites
1128 1557 1248 1622 prae-r

186 1640 281 1706 mittit
310 1640 355 1706 sic
384 1647 520 1726 paratos,
550 1647 585 1706 ut
615 1639 820 1726 confligerent
849 1647 945 1724 atque
974 1659 1067 1706 omne
1099 1660 1215 1724 agmen

186 1749 388 1827 morarentur,
420 1743 495 1808 dum
524 1750 768 1826 consequeretur
796 1744 874 1828 ipse.
920 1743 1008 1808 cuius
1037 1744 1249 1828 praeceptisa

186 1853 221 1912 ut
242 1866 293 1912 res
307 1853 476 1931 gereretur,
500 1845 636 1923 Quintus
650 1848 742 1912 Atius
757 1848 859 1913 Varus
873 1846 1051 1932 praefectus
1067 1846 1215 1930 equitum,

187 1949 355 2033 singularIs
370 1956 402 2014 et
416 1950 514 2014 animi
530 1956 562 2015 et
575 1949 762 2035 prudentiae
774 1951 831 2035 vir,
847 1970 920 2016 suos
934 1950 1076 2015 hortatur
1088 1970 1216 2033 agmen·

187 2072 247 2136 que
270 2052 407 2118 hostium
429 2059 614 2119 consecutus
637 2060 757 2120 turmas
778 2053 892 2137 partim
914 2051 1036 2118 idoneis
1058 2051 1134 2118 locis
1156 2051 1216 2118 dis·

186 2157 284 2240 ponit,
308 2155 422 2240 partim
446 2156 586 2240 equitum
607 2156 760 2242 proelium
783 2154 956 2222 committit.
1003 2153 1143 2238 confligit
1164 2176 1250 2225 aua

187 2259 295 2324 dacius
325 2258 483 2341 equitatus
516 2259 653 2325 hostium
683 2258 924 2350 succedentibus
953 2258 1015 2324 sibi
1029 2317 1030 2320 ,
1043 2257 1215 2345 peditibus;

187 2362 241 2445 qui
262 2367 327 2426 toto
349 2361 477 2444 agmine
499 2362 706 2428 subsistentes
722 2362 878 2445 equitibus
892 2361 958 2428 suis
972 2367 1081 2426 contra
1095 2350 1217 2429 nostros

186 2465 292 2530 ferunt
313 2463 474 2528 auxilium.
519 2463 556 2528 fit
583 2466 736 2549 proelium
764 2466 830 2530 acri
856 2465 1035 2530 certamine.
1080 2485 1250 2549 namquer

187 2566 285 2632 nostri
300 2566 487 2650 contemptis
506 2564 607 2650 pridie
630 2567 784 2652 superatis
805 2568 957 2652 hostibus,
981 2588 1053 2632 cum
1067 2568 1217 2650 subsequi

187 2670 328 2754 legiones
358 2669 583 2752 meminissent,
612 2676 643 2736 et
671 2669 791 2756 pudore
821 2669 955 2736 cedendi
985 2676 1016 2735 et
1045 2669 1216 2754 cupiditate

186 2793 243 2858 per
265 2793 300 2839 se
323 2770 510 2837 conficiendi
532 2774 642 2857 proelii
664 2773 832 2840 fortissime
855 2779 964 2840 contra
985 2773 1108 2858 pedites
1129 2793 1216 2857 proe-

187 2876 353 2958 liabantur,
376 2875 545 2958 hostesque
567 2876 646 2940 nihil
668 2877 803 2961 amplius
831 2877 989 2962 copiarum
1018 2896 1216 2942 accessurum
1234 2895 1250 2945 e

188 2979 360 3060 credentes,
383 2985 419 3043 ut
440 2978 541 3062 pridie
557 2985 779 3064 cognoverant,
803 2978 930 3045 delendi
947 2980 1103 3062 equitatus
1118 2979 1217 3045 nostri

187 3082 271 3148 nacti
294 3082 490 3147 occasionem
512 3081 711 3147 videbantur.

289 3185 409 3249 XXIX.
446 3185 524 3251 (lum
546 3184 740 3268 aliquamdiu
763 3205 885 3250 summa
907 3187 1107 3253 contentione
1129 3186 1248 3254 dimi-r

188 3295 319 3370 caretur,
342 3288 525 3354 Dumnacus
546 3289 673 3354 instruit
694 3288 805 3373 aciem,
829 3309 910 3372 quae
932 3289 998 3356 suis
1021 3295 1105 3356 esset
1134 3290 1217 3374 equi·

187 3392 270 3457 tibus
292 3391 325 3455 in
340 3391 444 3455 vicem
465 3391 632 3475 praesidio,
657 3411 727 3456 cum
749 3399 880 3476 repente
896 3392 1054 3458 confertae
1076 3393 1217 3476 legiones

186 3495 219 3559 in
243 3500 445 3578 conspectum
467 3493 604 3559 hostium
626 3493 767 3559 veniunt.
814 3494 927 3576 quibus
948 3496 1025 3561 visis
1054 3496 1217 3579 perculsae
1235 3517 1251 3563 a

187 3599 389 3664 barbarorum
400 3603 522 3662 turmae
533 3617 571 3662 ac
582 3597 765 3682 perterritae
777 3597 862 3662 acies
875 3596 1020 3680 hostium,
1036 3599 1217 3681 perturbato

188 3700 482 3785 impedimentorum
514 3701 659 3786 agmine,
693 3719 809 3783 magno
844 3699 979 3765 clamore
1013 3699 1217 3782 discursuque

189 3803 304 3886 passim
327 3802 422 3886 fugae
444 3821 479 3868 se
501 3802 662 3867 mandant.
708 3809 742 3867 at
763 3802 861 3868 nostri
885 3803 1014 3887 equites,
1046 3803 1100 3885 qui
1122 3802 1251 3886 paulos
