2936 4192
270 267 292 322 4
601 272 652 327 Du
668 272 784 327 BELLO
802 272 964 329 GALLICO

269 465 332 528 qua
353 443 466 528 singuli
490 443 567 508 carri
590 442 790 526 ducerentur,
814 462 905 508 mons
926 450 1030 509 autem
1050 445 1219 512 altissimus
1236 447 1292 512 im·

236 568 252 614 a
270 545 438 629 pendebat,
460 550 495 610 ut
516 544 608 608 facile
630 544 778 627 perpauci
799 545 966 628 prohibere
993 553 1134 632 possent,
1161 548 1291 612 alterum

269 667 325 731 per
347 645 539 730 provinciam
561 652 709 729 nostram,
732 645 828 710 multo
850 645 973 711 facilius
994 653 1089 728 atquc
1103 649 1291 734 expeditius,

271 755 434 832 propterea
460 747 543 831 quod
573 747 655 812 inter
682 746 761 812 fines
783 747 996 812 Helvetiorum
1026 754 1058 812 et
1077 749 1291 834 Allobrogum,

271 851 323 933 qni
345 869 445 934 nuper
469 850 577 934 pacati
601 854 698 932 erant,
728 848 898 913 Rhodanus
924 848 993 913 fluit
1018 850 1106 932 isque
1135 853 1292 917 nonnullis

238 973 253 1020 a
271 953 346 1018 locis
368 951 450 1017 vado
472 952 628 1016 transitur.
666 956 839 1016 extremum
860 949 1008 1034 oppidum
1023 951 1225 1036 Allobrogum
1245 961 1293 1018 cst

271 1055 509 1137 proximumque
523 1053 736 1117 Helvetiorum
755 1051 870 1118 finibus
886 1052 1024 1118 Genava.
1059 1073 1100 1117 ex
1119 1073 1156 1118 eo
1177 1055 1292 1138 oppido

271 1173 350 1238 pons
371 1155 413 1218 ad
434 1155 594 1219 Helvetios
619 1154 764 1238 pertinet.
808 1154 1027 1236 Allobrogibus
1053 1174 1123 1220 sese
1148 1157 1200 1220 vel
1226 1177 1292 1240 per-

273 1275 425 1339 suasurus,
454 1255 536 1338 quod
561 1254 700 1320 nondum
721 1255 803 1320 bono
829 1255 932 1319 animo
957 1255 989 1319 in
1012 1257 1161 1340 populum
1183 1259 1292 1322 Roma·

272 1377 346 1421 num
373 1357 561 1440 viderentur,
592 1357 814 1422 existimabant
839 1357 890 1420 vel
919 1357 952 1421 vi
982 1363 1150 1440 coacturos,
1177 1365 1211 1422 ut
1236 1379 1293 1442 per

239 1478 345 1526 rsuos
370 1458 450 1524 lines
476 1477 529 1524 eos
554 1458 600 1522 ire
629 1464 816 1542 paterentur.
861 1459 1005 1524 omnibns
1033 1460 1126 1524 rebus
1156 1461 1197 1524 ad
1226 1482 1293 1545 pro-

272 1561 438 1626 tectionem
468 1561 654 1645 comparatis
683 1560 766 1624 diem
796 1560 916 1645 dicunt,
950 1581 1011 1644 qua
1043 1561 1094 1626 dio
1122 1563 1164 1628 ad
1192 1564 1292 1648 ripam

272 1661 417 1728 Rhodani
443 1683 551 1728 omnes
573 1662 770 1728 conveniant.
813 1662 850 1726 is.
869 1661 947 1727 dies
966 1668 1033 1726 crat
1057 1683 1086 1728 a.
1110 1664 1139 1728 d.
1160 1665 1198 1730 V.
1220 1665 1290 1730 Kal.

273 1765 347 1848 Apr.
368 1765 404 1829 L.
424 1765 547 1850 Pisone,
569 1765 607 1830 A.
632 1764 765 1830 Gabinio
789 1765 975 1829 oonsulibus.

242 1889 251 1933 r
375 1867 446 1932 VH.
470 1867 597 1934 Caesari
620 1886 688 1932 cum
711 1865 744 1930 id
766 1867 942 1930 nuntiatum
964 1873 1056 1950 esset,
1080 1885 1133 1932 ecs
1151 1888 1208 1951 per
1226 1888 1292 1951 pro·

273 1969 409 2034 vinciam
432 1975 568 2034 nostram
590 1969 649 2033 iter
669 1970 773 2034 facere
794 1969 908 2052 conari,
927 1974 1065 2032 'maturat
1079 1969 1120 2032 ab
1135 1971 1212 2034 urbe
1226 1989 1293 2054 pro-

274 2071 371 2135 ficisci
400 2077 446 2154 et,
476 2090 569 2152 quam
595 2071 740 2133 maximis
766 2074 870 2151 potest
895 2067 1071 2152 itineribus,
1100 2070 1133 2133 in
1161 2071 1291 2135 Galliam

242 2191 256 2238 a
275 2171 449 2236 ulteriorem
469 2169 628 2233 contendit
643 2175 674 2232 ct
692 2168 734 2232 ad
753 2169 914 2233 Genavam
933 2171 1084 2251 pervenit.
1115 2172 1293 2252 provinciae

275 2273 331 2335 toti
360 2291 453 2352 quam
482 2271 653 2334 maximum
682 2275 785 2354 potest
813 2269 944 2334 militum
975 2289 1136 2334 numerum
1161 2271 1294 2354 imperat

275 2409 318 2421 -
340 2377 406 2436 crat
427 2371 552 2435 omnino
571 2371 603 2434 in
620 2370 722 2434 Gallia
739 2371 883 2434 ulteriore
904 2372 987 2453 legio
1008 2391 1072 2436 una
1092 2409 1135 2418 -
1155 2379 1292 2458 pontem,

243 2474 328 2556 aqui
355 2479 421 2537 erat
446 2473 488 2537 ad
510 2473 682 2555 Genavam,
708 2473 795 2536 iubet
821 2465 964 2537 rescindi.
1008 2473 1062 2537 ubi
1089 2473 1128 2538 de
1154 2475 1221 2539 cius
1241 2474 1294 2539 ad·

276 2582 371 2642 ventu
386 2575 522 2640 Helvetii
538 2575 682 2640 certiores
697 2574 772 2638 sacti
787 2581 869 2657 sunt,
888 2575 1008 2658 legatos
1026 2575 1068 2639 ad
1083 2595 1153 2640 cunr
1168 2577 1295 2641 mittunt

277 2679 484 2744 nobilissimos
507 2677 650 2760 civitatis,
673 2678 759 2742 ouius
778 2677 942 2760 legationis
958 2679 1140 2743 Nammeius
1155 2685 1186 2742 ct
1200 2680 1295 2743 Veru-

278 2783 404 2846 cloetius
430 2781 603 2864 principem
630 2780 731 2844 locum
759 2779 950 2861 obtinebant,
981 2780 1033 2860 qui
1060 2779 1207 2863 dicerent,
1235 2780 1293 2845 sibi

278 2903 347 2947 esse
371 2883 404 2946 in
433 2883 538 2946 animo
565 2880 633 2946 sine
659 2881 722 2945 ullo
751 2880 902 2945 maleficio
931 2881 990 2944 iter
1018 2901 1075 2964 per
1103 2882 1294 2964 provinciam

277 2985 389 3068 facere,
415 2990 581 3068 propterea
606 2982 689 3066 quod
715 2982 799 3047 aliud
825 2986 884 3046 iter
909 2982 1061 3047 haberent
1089 2985 1220 3047 nullum:
1250 3005 1295 3048 ro-

245 3106 362 3171 rgarc,
391 3091 426 3150 ut
457 3086 524 3150 eius
551 3085 712 3149 voluntate
739 3083 773 3148 id
802 3083 862 3148 sibi
890 3083 995 3148 facere
1020 3085 1121 3148 liceat.
1170 3085 1295 3169 Caesar,

278 3187 360 3272 quod
387 3187 537 3251 memoria
565 3187 706 3270 tenebat,
736 3185 772 3250 L.
802 3177 944 3251 Cassium
974 3187 1130 3252 consulem
1159 3188 1294 3254 occisum

279 3291 510 3372 exercitumque
540 3289 606 3352 eius
635 3287 675 3350 ab
705 3286 857 3350 Helvetiis
887 3287 1010 3369 pulsum
1041 3293 1072 3350 et
1100 3289 1158 3352 sub
1189 3289 1295 3373 iugum

279 3393 416 3474 missum,
440 3389 673 3454 concedendum
699 3407 761 3452 non
784 3388 930 3470 putabat;
956 3407 1057 3470 neque
1079 3389 1220 3455 homines
1241 3391 1297 3454 ini·

280 3494 359 3557 mico
388 3491 491 3556 animo
521 3491 595 3554 data
623 3489 771 3554 facultate
800 3507 857 3572 per
886 3490 1076 3571 provinciam
1106 3491 1226 3556 itineris
1254 3491 1297 3554 sa·

281 3594 381 3660 ciendi
403 3599 627 3677 temperaturos
649 3591 689 3654 ab
715 3591 827 3655 iniuria
853 3596 885 3654 et
910 3590 1061 3655 maleficio
1088 3592 1296 3656 existimabat.

248 3707 395 3779 stamen,
418 3702 453 3759 ut
475 3695 609 3778 spatium
631 3693 823 3757 intercedere
844 3683 959 3776 posset,
983 3691 1056 3756 dum
1075 3694 1198 3777 milites,
1221 3713 1298 3776 quos

281 3800 497 3884 imperaverat,
526 3793 735 3877 convenirent,
762 3794 874 3876 legatis
902 3793 1061 3876 respondit
1087 3793 1170 3858 diem
1197 3814 1231 3860 se
1256 3794 1297 3858 ad
