2960 4192
386 295 494 351 comm.
507 295 586 350 VIII.
605 293 688 349 CAP.
700 294 899 350 XVII—XXI.
1099 282 1157 344 197

125 470 318 555 superiores,
352 467 435 552 quod
468 468 587 532 nullum
617 467 657 532 ab
690 467 912 533 insidiantibus
946 467 1159 553 imprudentes

125 571 560 657 acceperant-detrimentum.
595 568 750 635 accedunt
768 569 896 654 propius
918 571 1044 636 interim
1067 572 1193 655 legio-r

126 696 194 756 nes,
230 675 392 757 crebrique
426 672 537 739 eodem
570 678 710 758 tempore
744 679 775 738 et
807 673 922 739 nostris
955 680 987 740 et
1017 673 1159 740 hostibus

124 778 230 844 nuntii
259 779 441 859 afferuntur,
471 777 690 860 imperatorem
722 775 881 842 instructis
912 777 1009 862 copiis
1035 776 1157 843 adesse.

126 901 191 965 qua
212 900 246 946 re
263 880 388 965 cognita
409 878 565 965 praesidio
584 877 756 944 cohortium
772 877 880 944 confisi
895 879 993 945 nostri
1008 864 1158 945 acerrime
1175 901 1192 949 o

125 984 327 1068 proeliantur,
357 1002 407 1064 ne,
435 981 463 1048 si
490 981 609 1046 tardius
630 999 698 1046 rem
719 981 900 1066 gessissent,
923 981 1073 1047 victoriae
1094 982 1158 1065 glo·

124 1088 206 1152 riam
239 1086 486 1152 communicasse
520 1105 590 1149 eum
623 1083 801 1167 legionibus
827 1082 1021 1169 viderentur;
1052 1083 1157 1150 hostes

126 1187 296 1255 concidunt
318 1189 432 1254 animis
453 1194 548 1270 atque
570 1187 734 1252 itineribus
765 1185 898 1253 diversis
928 1187 1036 1271 fugam
1066 1207 1158 1270 quae·

124 1297 207 1357 runt.
253 1291 457 1374 nequiquam:
491 1311 566 1354 narn
600 1290 713 1372 quibus
746 1287 983 1356 difficultatibus
1020 1290 1191 1359 locorumo

125 1395 285 1460 Romanos
314 1391 459 1458 claudere
481 1393 653 1476 voluerant,
684 1392 723 1458 iis
752 1392 812 1476 ipsi
839 1393 1036 1458 tenebantur.
1081 1393 1157 1458 victi

123 1497 333 1582 perculsique,
357 1496 474 1560 maiore
495 1501 585 1579 parte
607 1494 725 1560 amissa
754 1495 945 1559 consternati
974 1495 1156 1579 profugiunt
1174 1515 1190 1563 r

125 1598 241 1683 parlim
270 1599 358 1664 silvis
388 1597 504 1684 petitis,
534 1597 648 1682 partim
678 1597 808 1662 flumine
838 1635 880 1643 -
911 1598 965 1681 qui
995 1599 1154 1662 tamenin

124 1702 203 1786 fuga
224 1722 245 1766 a
266 1701 381 1768 nostris
403 1701 516 1767 acriter
535 1700 773 1783 insequentibus
790 1700 996 1766 conficiuntur
1018 1739 1060 1748 -
1084 1721 1188 1769 cums

122 1804 251 1870 interim
273 1805 360 1869 nulla
383 1804 560 1868 calamitate
583 1803 684 1868 viotns
708 1804 840 1870 Correus
863 1797 1016 1870 excedere
1038 1804 1154 1888 proelio

124 1907 284 1990 silvasque
306 1913 413 1992 petere
435 1913 491 1971 aut
512 1906 719 1972 invitantibus
748 1906 863 1973 nostris
891 1906 934 1972 ad
963 1905 1154 1972 deditionem

125 2009 226 2095 potuit
248 2009 378 2091 adduci,
401 2009 476 2093 quin
507 2009 675 2074 fortissime
704 2009 887 2094 proeliando
918 2011 1155 2095 compluresque

125 2111 320 2179 vulnerando
350 2119 476 2196 cogeret
507 2113 604 2178 elatos
634 2112 797 2178 iracundia
823 2113 958 2180 victores
980 2114 1012 2178 in
1034 2133 1069 2178 se
1092 2113 1154 2178 tela

124 2216 277 2283 conicere.

228 2320 300 2384 XX.
344 2318 414 2384 Tali
436 2317 529 2384 modo
550 2339 585 2384 re
606 2325 697 2404 gesta
725 2320 902 2386 recentibus
931 2319 1040 2405 proelii
1062 2321 1183 2386 vesti-r

124 2422 186 2507 giis
208 2420 368 2506 ingressus
385 2422 510 2506 Caesar,
535 2441 605 2487 cum
620 2421 721 2488 victos
744 2428 833 2488 tanta
848 2423 1026 2488 calamitate
1049 2422 1153 2488 existi-

37 2563 39 2570 ι
126 2530 225 2591 maret
247 2523 353 2590 hostes
375 2524 485 2590 nuntio
507 2525 637 2609 accepto
663 2525 766 2590 locum
789 2531 959 2590 castrorum
981 2526 1152 2605 relicturos,

123 2646 206 2710 quae
227 2647 291 2693 non
312 2627 437 2711 longius
459 2628 499 2692 ab
523 2647 561 2691 ea
584 2627 681 2692 caede
702 2629 815 2692 abesse
836 2647 987 2712 passuum
1007 2634 1077 2693 octo
1099 2627 1153 2690 mi-

126 2729 206 2795 libus
235 2728 430 2810 dicebantur,
462 2729 586 2794 tametsi
613 2728 742 2794 flumine
771 2729 957 2813 impeditum
986 2729 1152 2794 transitum

125 2830 263 2913 videbat,
286 2838 393 2896 tamen
417 2831 557 2897 exercitu
579 2831 721 2897 traducto
743 2830 949 2916 progreditur.
993 2837 1027 2896 at
1053 2831 1185 2896 Bello-a

125 2933 196 2999 vaci
217 2934 419 3017 reliquaeque
443 2933 586 3000 civitates
608 2942 737 3020 repente
760 2955 801 3000 ex
824 2934 901 3018 fuga
926 2934 1035 3019 paucis
1056 2940 1152 3016 atque

125 3035 174 3101 his
203 3035 375 3101 vulneratis
408 3036 556 3120 receptis,
590 3037 643 3120 qui
677 3037 826 3103 silvarum
859 3036 1011 3104 beneficio
1045 3057 1151 3103 casum

124 3139 331 3221 evitaverunt,
354 3137 498 3205 omnibus
519 3137 671 3220 adversis,
695 3139 860 3205 interfecto
884 3140 1006 3222 Correo,
1035 3140 1150 3206 amisso

123 3241 264 3324 equitatu
288 3246 319 3307 et
341 3240 517 3307 fortissimis
546 3241 714 3326 peditibus,
747 3261 817 3306 cum
846 3239 1019 3307 adventare
1040 3243 1151 3308 Roma-

125 3363 182 3410 nos
212 3344 437 3429 existimarent,
469 3345 599 3411 concilio
630 3350 760 3428 repente
790 3350 885 3410 cantu
914 3345 1059 3411 tubarum
1081 3365 1151 3411 corr-

124 3451 235 3512 voeato
257 3447 464 3531 conclamant,
494 3447 590 3530 legati
613 3445 802 3530 obsidesque
830 3445 871 3512 ad
895 3446 1061 3513 Gaesarem
1083 3449 1150 3512 mit·
1203 3447 1205 3452 ’

124 3553 239 3614 tantm.

226 3650 314 3716 XXI.
338 3651 406 3717 Hoc
428 3651 572 3717 omnibus
593 3653 724 3737 probato
747 3651 874 3716 consilio
891 3651 1048 3718 Commius
1062 3653 1149 3717 Atro·
1171 3671 1181 3718 r

125 3751 182 3818 bas
210 3752 253 3818 ad
282 3771 336 3820 eos
365 3753 505 3838 confugit
532 3753 713 3839 Germanos,
736 3775 757 3819 a
780 3754 893 3837 quibus
914 3753 956 3818 ad
978 3753 1011 3818 id
1033 3755 1149 3819 bellum

122 3853 243 3920 auxilia
265 3862 422 3922 mutuatus
445 3859 520 3921 erat.
556 3855 650 3922 ceteri
673 3857 839 3940 evestigio
861 3856 988 3921 mittunt
1010 3856 1051 3921 ad
1075 3858 1183 3927 Coc-a
