2966 4196
290 223 350 287 106
617 239 666 292 DE
685 239 800 294 BELLO
819 237 983 293 GALLICO

252 434 267 480 a
285 433 354 477 rum
370 411 566 477 distulerunt.
598 409 705 476 hostes
720 411 859 476 maximo
875 411 1020 495 clamore,
1036 411 1128 476 sicuti
1142 419 1234 497 parta
1255 413 1317 478 iam

285 521 381 598 atque
411 515 577 598 explorata
599 513 740 597 victoria,
771 519 872 578 turres
901 513 1138 596 testudinesque
1167 535 1263 600 agere
1287 525 1318 582 et

250 639 268 687 4
286 619 379 684 scalis
400 619 519 682 vallum
541 617 713 682 ascendere
737 622 915 700 coeperunt.
946 622 980 682 at
1001 623 1091 682 tanta
1112 619 1246 684 militum
1261 619 1319 684 vir·

285 728 335 786 tus
368 727 463 803 atque
497 741 535 785 ea
567 719 748 804 praesentia
777 719 875 784 animi
904 719 973 802 fuit,
996 726 1040 804 ut,
1076 707 1147 784 cum
1179 721 1319 805 undique

284 824 413 888 flamma
435 829 625 890 torrerentur
647 823 850 905 maximaque
872 823 1005 888 telorum
1027 823 1226 889 multitudine
1252 845 1318 909 pre-
1367 889 1369 893 .

284 933 443 992 merentur
466 946 584 1009 suaque
606 927 713 991 omnia
734 925 963 1010 impedimenta
977 931 1072 1008 atque
1095 946 1205 992 omnes
1226 927 1319 993 fortu-

284 1051 343 1096 nas
365 1031 558 1112 conflagrare
572 1029 803 1113 intellegerent,
823 1049 887 1094 non
902 1029 995 1095 modo
1011 1029 1209 1113 demigrandi
1225 1051 1320 1098 causa

286 1134 326 1199 de
347 1135 431 1198 vallo
459 1132 627 1198 decederet
653 1152 756 1216 nemo,
785 1132 841 1197 sed
868 1152 972 1216 paene
999 1153 1040 1198 ne
1062 1134 1233 1218 respiceret
1256 1135 1319 1216 qui·

285 1237 358 1302 dem
393 1235 569 1318 quisquam,
604 1255 642 1300 ac
675 1240 741 1300 tum
775 1255 885 1300 omnes
914 1235 1066 1302 acerrime
1088 1235 1319 1320 fortissimeque

250 1361 267 1409 o
285 1344 471 1424 pugnarent.
516 1337 568 1416 hic
591 1337 659 1403 dies
680 1337 795 1402 nostris
817 1339 912 1422 longe
934 1338 1140 1422 gravissimus
1162 1338 1235 1424 fuit,
1263 1340 1318 1405 sed

214 1468 216 1473 ·
284 1449 392 1506 tamen
423 1441 507 1506 hunc
533 1439 644 1505 habuit
673 1446 832 1525 eventum,
861 1447 896 1504 ut
917 1440 1076 1506 maximus
1098 1461 1246 1507 numerus
1267 1442 1319 1508 ho

285 1545 379 1610 stium
406 1545 622 1608 vulneraretur
650 1549 745 1625 atque
774 1542 1011 1626 interficeretur,
1041 1550 1077 1608 ut
1106 1564 1140 1609 ιι
1163 1545 1220 1610 sub
1250 1545 1319 1629 ipso

282 1647 368 1712 vallo
395 1647 649 1730 constipaverant
674 1665 895 1728 recessumque
921 1646 1031 1730 primis
1053 1646 1155 1712 ultimi
1181 1667 1245 1712 non
1268 1649 1319 1714 da

251 1751 371 1820 ebant.
420 1750 549 1835 paulum
583 1747 711 1831 quidem
743 1749 923 1814 intermissa
955 1749 1084 1814 flamma
1118 1756 1149 1814 et
1184 1750 1318 1833 quodam

283 1855 352 1919 loeo
382 1853 459 1918 turri
481 1851 596 1918 adacta
617 1858 649 1918 et
672 1853 876 1937 contingente
891 1852 1026 1936 vallum,
1050 1853 1161 1918 tertiae
1185 1854 1319 1920 cohortis

285 1956 482 2022 centuriones
498 1975 539 2020 ex
559 1975 606 2039 eo,
630 1975 691 2038 quo
714 1955 858 2038 stabant,
875 1956 943 2020 loco
964 1963 1163 2022 recesserunt
1185 1977 1319 2039 suosque

285 2079 394 2124 omnes
422 2063 633 2139 removerunt,
666 2063 745 2122 nutu
767 2057 961 2140 vocibusque
987 2057 1104 2140 hostes,
1135 2059 1163 2125 si
1192 2059 1319 2126 introire

284 2162 413 2246 vellent,
441 2181 554 2225 vocare
588 2167 772 2246 coeperunt;
807 2180 939 2243 quorum
968 2161 1117 2246 progredi
1147 2182 1242 2228 ausus
1269 2171 1320 2228 est

250 2284 387 2334 vuemo.
425 2269 492 2327 tum
515 2283 556 2328 ex
578 2263 664 2328 omni
686 2269 776 2346 parte
797 2262 956 2348 lapidibus
978 2263 1128 2330 coniectis
1151 2263 1318 2349 deturbati,

285 2367 439 2449 turaque
462 2384 614 2431 succensa
636 2372 692 2431 est.

253 2492 265 2538 1
387 2469 500 2534 XLIV.
546 2469 646 2534 Erant
667 2469 700 2534 in
724 2468 910 2552 ea‘legionc
936 2467 1099 2534 fortissimi
1121 2469 1191 2552 viri,
1214 2477 1287 2536 cent
1308 2510 1319 2518 -

284 2574 401 2658 riones,
443 2573 508 2655 qui
537 2572 646 2658 primis
687 2570 849 2637 ordinibus
888 2571 1195 2657 appropinquarent,
1229 2574 1319 2641 'litus

250 2677 373 2748 aPulio
397 2683 428 2742 et
449 2676 565 2742 Lucius
587 2677 738 2742 Vorenus.
784 2675 818 2740 bi
845 2681 1013 2760 perpetuas
1039 2676 1179 2740 intense
1201 2683 1319 2744 contro

284 2781 405 2847 versias
424 2779 595 2864 habebant,
619 2780 748 2862 quinam
762 2778 980 2859 anteferretur,
1003 2778 1212 2861 omnibusque
1226 2776 1320 2847 annis

251 2884 325 2955 ede
346 2884 424 2950 locis
446 2883 576 2948 summis
598 2881 809 2947 simultatibus
824 2881 1067 2947 contendebant.
1099 2902 1140 2946 ex
1154 2881 1205 2948 his
1219 2884 1318 2970 Pulio,

285 3009 356 3054 cum
379 2985 530 3052 acerrime
552 2984 594 3050 ad
616 2984 806 3050 munitiones
827 2990 1034 3069 pugnaretur:
1066 2985 1146 3070 qaid
1176 2985 1318 3063 dubitas,

284 3091 396 3175 inquit,
425 3089 564 3153 Voreae?
586 3098 645 3152 aut
668 3110 757 3174 quem
780 3087 884 3152 docum
906 3097 983 3151 tuac
1000 3087 1196 3174 prodendae
1217 3091 1319 3152 cirtu-

286 3195 327 3258 ιιι
350 3192 493 3278 spectas?
515 3192 567 3255 bic
591 3192 658 3256 dica
682 3192 720 3256 de
746 3193 867 3255 nostris
894 3193 1119 3256 controversiis
1147 3192 1318 3257 iudicabit.

252 3298 365 3366 ahaec
394 3316 464 3360 cum
492 3295 633 3376 dixisset,
660 3295 801 3380 procedit
828 3301 918 3360 extm
943 3296 1143 3380 munitiones,
1174 3317 1320 3379 quaeque

252 3423 267 3470 s
285 3419 360 3484 pars
382 3398 518 3463 hostium
541 3398 771 3464 confertissima
793 3404 841 3464 est
863 3399 942 3482 visa,
965 3398 1118 3484 inumpit.
1163 3420 1205 3464 ne
1227 3401 1321 3465 Vore

285 3523 345 3568 nus
378 3501 505 3585 quidem
539 3520 609 3566 sese
638 3501 722 3566 vallo
756 3501 904 3583 continet,
938 3499 995 3566 sed
1028 3503 1168 3566 omnium
1202 3504 1320 3570 veritus

253 3628 267 3676 ι
286 3605 550 3672 existimationem
573 3603 781 3686 subsequitur.
826 3610 893 3668 tum
915 3603 1065 3670 mediocri
1088 3605 1190 3690 spatio
1212 3607 1321 3688 relicto

285 3710 376 3776 Pulio
402 3709 501 3795 pilum
527 3707 561 3772 in
587 3706 694 3773 hostes
720 3706 861 3771 immittit
882 3713 978 3789 atquc
1000 3728 1098 3772 unum
1122 3727 1163 3772 ex
1185 3709 1320 3776 multitu·

286 3812 361 3877 dinc
393 3816 627 3896 procurrentem
657 3809 772 3894 traicit;
809 3830 869 3891 quo
898 3830 1046 3894 percusso
1077 3817 1109 3876 et
1139 3813 1321 3879 exanimato
