2966 4196
423 265 531 322 COMM.
545 265 609 321 VII.
627 264 709 320 GAP.
723 263 941 320 LVIII—LXII.
1134 247 1195 310 169

266 441 333 506 LX.
380 439 445 506 Sub
468 457 636 522 vesperum
659 437 788 502 consilio
811 441 983 502 convocato
1006 435 1193 519 cohortatus,
1214 457 1226 503 1

162 549 197 608 ut
220 563 267 626 ca,
292 562 373 625 quae
394 542 590 625 imperasset,
621 539 790 624 diligenter
819 538 1035 622 industrieque
1064 537 1195 604 admini-

162 652 307 730 strarent,
331 664 439 727 naves,
464 663 543 726 quas
557 641 729 708 Metiosedo
745 641 930 726 deduxerat,
954 641 1096 726 singulas
1111 641 1195 726 equi-

161 749 246 814 tibus
267 747 418 813 Romanis
440 746 584 811 attribuit
606 752 638 810 ct
659 746 762 830 prima
783 744 928 811 confecta
949 745 1060 829 vigilia
1081 745 1126 810 IV
1140 746 1195 810 mi·

161 852 206 916 lia
227 871 377 935 passuum
400 849 539 916 secundo
561 849 691 913 flumine
714 848 838 913 silentio
860 848 1009 932 progredi
1030 848 1137 930 ibique
1160 868 1194 914 sc

162 953 341 1038 exspectari
373 953 470 1018 iubet.
510 953 649 1035 quinque
682 951 838 1032 cohortes,
873 969 951 1033 quas
984 950 1113 1016 minime
1145 951 1227 1020 fira

161 1077 231 1122 mas
252 1055 295 1120 ad
317 1055 531 1120 dimicandum
554 1075 623 1120 esse
654 1054 866 1139 existimabat,
897 1054 1008 1120 castris
1036 1053 1193 1138 praesidio

161 1159 324 1243 relinquit;
356 1159 495 1241 quinque
526 1157 666 1223 ciusdem
695 1157 828 1240 legionis
857 1157 995 1239 rehquas
1025 1155 1066 1221 de
1088 1156 1227 1226 mediae

161 1269 254 1328 nocte
276 1282 347 1327 curn
369 1261 515 1326 omnibus
531 1256 771 1344 ‘impedimentis
784 1259 918 1325 adverso
932 1258 1062 1324 flumine
1076 1280 1192 1344 magno

161 1365 296 1430 tumultu
318 1363 473 1449 proficisci
494 1365 637 1448 imperat.
683 1363 839 1447 conquirit
861 1363 956 1429 etiam
982 1365 1105 1450 lintres3
1135 1363 1227 1433 hast

161 1488 277 1551 magno
300 1467 404 1532 sonitu
426 1487 580 1532 remorum
603 1468 750 1532 incitatas
771 1467 805 1531 in
825 1466 959 1532 candem
982 1473 1104 1550 partem
1125 1467 1194 1532 mit

161 1571 208 1636 tit.
253 1571 323 1654 ipse
344 1575 416 1654 post
438 1570 532 1653 paulo
555 1570 680 1634 silentio
702 1589 847 1654 egressus
870 1591 941 1634 oum
971 1571 1071 1636 tribus
1100 1571 1193 1654 legio
1220 1607 1233 1614 -

160 1675 255 1740 nibus
278 1693 350 1737 eum
371 1672 474 1737 locum
496 1672 585 1756 petit,
609 1692 670 1755 quo
692 1692 792 1737 naves
813 1673 931 1756 appelli
952 1673 1093 1738 iusserat.

264 1777 348 1841 LXI.
379 1775 425 1840 llo
448 1795 519 1840 cum
541 1782 625 1841 esset
646 1781 786 1858 ventum,
810 1776 1023 1860 exploratores
1045 1775 1190 1859 hostium,
1212 1799 1225 1846 ι

161 1887 196 1945 ut
218 1879 303 1944 omni
325 1877 464 1943 fluminis
485 1885 574 1962 parte
595 1884 684 1942 erant
699 1877 851 1962 dispositi,
874 1877 1084 1963 inopinantes,
1108 1880 1192 1962 quod

161 2003 278 2066 magna
307 1982 410 2048 subito
441 1987 509 2046 erat
539 1988 646 2046 coorta
670 1987 851 2064 tempestas,
882 1981 923 2046 ab
953 1982 1069 2047 nostris
1091 1984 1192 2067 oppri-

161 2093 300 2170 muntur;
325 2085 483 2150 exercitus
505 2085 725 2167 equitatusque
748 2085 906 2166 equitibus
928 2085 1079 2150 Romanis
1093 2085 1226 2155 admi-2

161 2189 376 2280 nistrantibus,
400 2207 478 2270 quos
501 2188 531 2252 ei
552 2186 679 2272 negotio
700 2187 906 2271 praefecerat,
931 2188 1072 2252 celeriter
1093 2195 1192 2255 trans

160 2291 301 2356 mittitur.
339 2311 403 2356 uno
418 2290 485 2355 fere
499 2296 640 2374 tempore
655 2289 712 2356 sub
731 2290 834 2355 lucem
855 2289 998 2356 hostibus
1019 2292 1225 2376 nuntiatum

159 2396 193 2460 in
216 2393 326 2459 castris
347 2396 559 2459 Romanorum
581 2399 707 2477 praeter
729 2393 987 2459 consuetudinem
1010 2396 1192 2461 tumultuari

161 2505 193 2564 et
214 2518 365 2582 magnum
387 2497 434 2562 ire
455 2517 571 2580 agmen
594 2497 728 2562 adverso
757 2496 887 2562 flumine
916 2498 1116 2581 sonitumque
1145 2519 1191 2565 re·

159 2621 281 2666 morum
311 2599 345 2664 in
375 2599 486 2665 eadem
515 2605 605 2684 parte
628 2598 772 2665 exaudiri
802 2606 834 2664 et
855 2601 948 2684 paulo
970 2601 1054 2665 infra
1075 2602 1191 2668 milites

160 2705 295 2769 navibus
317 2703 531 2787 transportari.
577 2703 691 2786 quihus
712 2703 807 2768 rebus
828 2703 954 2786 auditis,
979 2703 1062 2786 quod
1085 2705 1190 2770 existi·
1208 2729 1224 2774 4

160 2807 298 2890 mabant,
321 2805 422 2872 tribus
444 2805 521 2870 locis
544 2806 678 2872 transire
699 2805 841 2890 legiones
863 2812 959 2888 atque
985 2827 1094 2873 omnes
1123 2829 1190 2892 per-

159 2910 300 2974 turbatos
330 2907 508 2973 defectione
529 2908 710 2973 Aeduorum
739 2907 848 2992 fugam
877 2929 999 2992 parare,
1022 2929 1096 2976 suras
1118 2931 1190 2994 quo·

160 3032 221 3096 que
243 3012 350 3096 copias
371 3011 406 3076 in
428 3017 492 3077 tres
514 3019 620 3096 partes
649 3002 906 3077 distribuerunt
929 3032 1004 3076 nam
1032 3013 1223 3097 praesidius

157 3115 327 3200 eregione
350 3120 523 3179 castrorum
552 3114 660 3180 relicto
682 3121 714 3179 et
742 3133 843 3199 parva
864 3135 961 3180 manu
982 3116 1189 3182 Metiosedum
1267 3165 1270 3170 ψ
1349 3145 1350 3148 “

157 3238 268 3284 versus
296 3217 402 3301 missa,
435 3237 516 3300 quac
545 3223 668 3282 tantum
690 3218 938 3302 progrederetur,
962 3226 1114 3301 quantum
1136 3243 1190 3286 na-

158 3341 214 3388 ves
243 3320 479 3406 processissent,
510 3319 647 3404 reliquas
670 3321 776 3405 copias
806 3327 915 3388 contra
936 3321 1112 3388 Labienum
1134 3324 1189 3390 du-

159 3431 280 3490 xerunt.

259 3527 360 3591 LXII.
406 3527 512 3591 Prima
540 3527 611 3591 luce
641 3533 673 3591 et
702 3527 799 3592 nostri
829 3547 938 3593 omncs
968 3536 1058 3594 erant
1090 3536 1219 3600 trans-1

157 3629 271 3712 portati
301 3635 333 3692 et
361 3628 498 3693 hostium
527 3629 612 3695 acics
643 3631 837 3695 cernebatur.
883 3629 1043 3698 Labienus
1073 3633 1221 3702 militesa

155 3729 343 3816 cohortatus,
366 3738 402 3796 ut
424 3751 499 3796 suae
521 3733 675 3816 pristinae
690 3733 814 3798 virtutis
837 3739 868 3798 et
890 3734 1185 3801 secundissimorum

158 3834 342 3914 proeliorum
365 3835 536 3899 retinerent
558 3837 741 3900 memoriam
763 3843 858 3918 atque
880 3837 983 3920 ipsum
1008 3838 1185 3920 Caesarem,
