2966 4196
416 241 524 298 contr.
535 243 599 298 VII.
617 243 701 301 oAP.
714 245 958 303 LXV—LXVIII.
1140 233 1202 296 173

166 413 366 481 iureiurando
396 415 572 482 confirmari
602 424 754 501 oportere,
784 439 826 484 ne
854 425 937 486 tecto
960 419 1137 504 recipiatur,
1160 439 1202 486 ne

165 516 207 582 ad
228 517 354 601 liberos,
376 539 418 584 ne
439 519 481 585 ad
511 526 669 606 parentes,
698 520 741 586 ad
766 542 897 588 uxorem
926 522 1047 588 aditum
1075 522 1201 604 habeat,

167 621 220 703 qui
243 641 306 686 non
328 622 378 688 bis
400 642 457 706 per
478 643 594 708 agmen
612 623 753 702 ,hostium
774 627 1013 710 perequitasset.

269 725 399 791 LXVII.
427 726 564 792 Probata
586 745 621 792 rc
642 733 738 810 atque
760 729 906 795 omnibus
927 728 1128 795 iureiurando
1149 729 1202 794 ad-
1221 751 1234 798 1

166 828 255 910 actis,
278 834 403 912 postero
425 827 477 894 die
498 829 532 894 in
554 835 618 895 tres
639 836 746 914 partes
768 829 934 898 distributo
956 832 1098 915 equitem
1119 831 1202 897 duae

166 952 202 998 se
224 931 309 997 acies
330 933 371 998 ab
395 930 517 998 duobus
538 932 690 999 lateribus
711 932 891 1016 ostendunt,
914 955 979 1000 una
999 956 1021 1000 a
1041 935 1142 1019 primo
1171 956 1202 999 a·

166 1035 274 1120 gmine
288 1035 348 1100 iter
361 1034 515 1119 impedire
531 1035 641 1121 coepit.
673 1056 736 1120 qua
757 1057 791 1102 re
813 1038 958 1103 nuntiata
972 1039 1089 1106 Caesar
1110 1058 1236 1106 suuma
1298 1059 1302 1068 ’

168 1158 292 1222 quoque
322 1138 495 1222 equitatum
518 1138 672 1223 tripertito
700 1138 836 1205 divisum
866 1148 976 1207 contra
1004 1141 1126 1208 hostem
1155 1141 1202 1206 ire

166 1242 263 1308 iubet.
280 1249 438 1327 pugnatur
452 1263 517 1308 una
531 1243 677 1308 omnibus
691 1243 725 1307 in
739 1243 891 1328 partibus.
915 1245 1057 1312 consistit
1071 1265 1200 1329 agmen,
1220 1264 1236 1311 s

166 1344 393 1430 impedimenta
413 1346 496 1411 inter
517 1345 658 1429 legiones
679 1346 880 1430 recipiuntur.
925 1348 953 1434 si
973 1369 1036 1430 qua
1056 1348 1090 1413 in
1112 1353 1202 1433 parte
1219 1367 1236 1415 r

166 1449 265 1514 nostri
287 1449 430 1515 laborare
451 1455 507 1514 aut
534 1449 662 1533 gravius
691 1449 792 1534 premi
814 1449 1013 1533 videbantur,
1043 1471 1082 1518 eo
1110 1451 1203 1535 signa

167 1551 276 1617 inferri
300 1552 415 1618 Caesar
436 1551 599 1635 aciemque
629 1552 777 1618 constitui
806 1553 950 1638 iubebat;
981 1573 1062 1636 quae
1091 1573 1142 1618 res
1171 1560 1203 1617 et

167 1655 273 1720 hostes
302 1653 344 1720 ad
372 1654 604 1738 insequendum
632 1654 779 1721 tardabat
808 1662 840 1721 et
868 1661 991 1722 nostros
1013 1675 1070 1740 spe
1091 1655 1201 1720 auxilii

168 1757 382 1824 confirmabat.
405 1756 534 1824 tandem
557 1757 706 1824 Germani
728 1759 768 1823 ab
792 1756 904 1824 dextro
926 1759 1024 1824 latere
1046 1778 1236 1826 summuma

166 1862 276 1947 iugum
305 1861 391 1926 nacti
420 1860 526 1927 hostes
555 1861 623 1926 loco
653 1859 827 1947 depellunt;
858 1861 1016 1945 fugientes
1037 1881 1138 1944 nsque
1159 1861 1202 1926 ad

167 1965 295 2046 flumen,
325 1964 380 2030 ubi
401 1964 643 2048 Vercingetorix
673 1983 744 2029 cum
773 1963 971 2049 pedestribus
1001 1964 1099 2048 copiis
1132 1984 1202 2030 con-

168 2067 303 2149 sederat,
325 2073 555 2152 persequuntur
578 2066 815 2151 compluresque
836 2066 1037 2131 interficiunt.
1083 2087 1146 2149 qua
1167 2088 1201 2132 re
1220 2089 1235 2135 e

167 2169 389 2236 animadversa
418 2169 539 2252 reliqui,
569 2189 610 2236 ne
640 2169 884 2250 circumirentur,
914 2169 1007 2235 veriti
1039 2190 1074 2236 se
1106 2170 1201 2255 fugae

167 2273 328 2340 mandant.
357 2273 502 2338 omnibus
524 2273 600 2338 locis
621 2272 658 2337 fit
673 2272 795 2338 caedes.
819 2280 883 2338 tres
897 2273 1084 2340 nobilissimi
1098 2273 1202 2338 Aedui
1221 2295 1235 2341 r

144 2439 146 2444 .
168 2377 253 2462 capti
275 2375 318 2441 ad
341 2377 508 2442 Caesarem
530 2375 757 2460 perducuntur:
782 2376 887 2457 Cotus,
917 2376 1096 2460 praefectus
1119 2377 1203 2459 equi-

167 2487 245 2561 tum,
276 2479 330 2562 qui
352 2479 595 2544 controversiam
617 2498 689 2543 oum
711 2479 951 2545 Convictolitavi
973 2479 1125 2562 proximis
1156 2499 1202 2544 co

167 2583 266 2648 mitiis
288 2582 452 2663 habuerat,
476 2588 507 2646 et
530 2582 714 2662 Cauarillus,
738 2581 792 2663 qni
820 2587 892 2665 post
921 2580 1131 2646 defectionem
1154 2583 1202 2646 Li-

168 2685 283 2752 tavicci
304 2685 504 2770 pedestribus
526 2684 625 2768 copiis
647 2683 835 2768 praefuerat,
859 2689 891 2748 et
912 2682 1117 2767 Eporedorix,
1141 2705 1202 2766 quo

168 2789 250 2854 duce
271 2795 347 2856 ante
368 2787 541 2854 adventum
560 2787 704 2854 Caesada
725 2786 828 2852 Aedui
851 2806 922 2851 cum
944 2787 1099 2868 Sequanis
1121 2788 1202 2853 bello

168 2891 406 2958 contenderant.

271 2995 418 3060 LXVHI.
464 2995 586 3078 Fugato
616 2993 701 3058 omui
731 2993 871 3075 equitatu
893 2993 1132 3078 Vercingetorix
1155 3014 1234 3063 cor

169 3100 247 3184 pias,
270 3104 306 3162 nt
327 3118 384 3181 pro
404 3097 514 3163 castris
530 3097 745 3176 collocaverat,
768 3094 895 3161 reduxit
916 3096 1118 3180 protinusque
1133 3098 1202 3162 Ale-

168 3203 258 3286 siam,
282 3200 366 3284 quod
389 3207 436 3266 est
458 3199 607 3285 oppidum
622 3198 872 3280 Mandubiorum,
895 3199 955 3264 iter
976 3199 1081 3265 facere
1100 3201 1203 3285 coepit

168 3305 373 3386 celeriterque
394 3303 620 3389 impedimenta
641 3323 682 3368 ex
698 3302 809 3368 castris
831 3301 923 3367 educi
945 3308 977 3368 et
998 3323 1032 3368 se
1055 3303 1203 3386 subsequi

167 3408 268 3473 iussit.
307 3407 424 3473 Caesar
445 3405 678 3490 impedimentis
699 3403 734 3470 in
756 3405 934 3490 proximum
957 3406 1067 3471 collem
1090 3404 1236 3475 deduc-2

168 3511 218 3595 tis,
231 3509 365 3588 duabus
387 3510 564 3594 legionibus
586 3507 744 3593 praesidio
759 3508 876 3573 relictis
891 3514 1027 3589 secutus,
1051 3515 1202 3590 quantum

168 3612 232 3678 diei
254 3619 378 3698 tempus
402 3620 449 3678 est
478 3633 615 3698 passum,
648 3611 770 3677 circiter
798 3613 899 3677 tribus
919 3611 1045 3678 milibus
1067 3611 1202 3677 hostium

168 3735 209 3782 ex
239 3716 410 3782 novissimo
439 3717 566 3801 agmine
595 3715 769 3780 interfectis
798 3715 896 3780 altero
926 3713 977 3780 die
999 3713 1041 3779 ad
1062 3715 1202 3780 Alesiam

167 3823 271 3884 castra
293 3817 376 3884 iecit.
413 3826 578 3904 perspecto
599 3819 686 3884 urbis
710 3817 771 3883 situ
793 3817 1027 3902 perterritisque
1049 3817 1200 3902 hostibus,
1220 3839 1235 3886 a
