<?xml version="1.0" encoding="UTF-8"?>
<!DOCTYPE html PUBLIC "-//W3C//DTD XHTML 1.0 Transitional//EN"
    "http://www.w3.org/TR/xhtml1/DTD/xhtml1-transitional.dtd">
<html xmlns="http://www.w3.org/1999/xhtml" xml:lang="en" lang="en">
 <head>
  <title>
</title>
<meta http-equiv="Content-Type" content="text/html;charset=utf-8" />
  <meta name='ocr-system' content='tesseract 3.04.00' />
  <meta name='ocr-capabilities' content='ocr_page ocr_carea ocr_par ocr_line ocrx_word'/>
</head>
<body>
  <div class='ocr_page' id='page_1' title='image "./commentariidebe00pramgoog_0172.png"; bbox 0 0 2966 4196; ppageno 0'>
   <div class='ocr_carea' id='block_1_1' title="bbox 293 248 1110 321">
    <p class='ocr_par' dir='ltr' id='par_1_1' title="bbox 293 248 1110 321">
     <span class='ocr_line' id='line_1_1' title="bbox 293 248 1110 321; baseline -0.013 -1"><span class='ocrx_word' id='word_1_1' title='bbox 293 265 400 320; x_wconf 76' lang='lat' dir='ltr'><strong>colim.</strong></span> <span class='ocrx_word' id='word_1_2' title='bbox 413 265 478 321; x_wconf 81' lang='lat' dir='ltr'><strong>VII.</strong></span> <span class='ocrx_word' id='word_1_3' title='bbox 497 265 580 320; x_wconf 83' lang='lat' dir='ltr'><strong>cAP.</strong></span> <span class='ocrx_word' id='word_1_4' title='bbox 593 265 903 321; x_wconf 80' lang='lat' dir='ltr'>XXXv-XXXVIII.</span> <span class='ocrx_word' id='word_1_5' title='bbox 1051 248 1110 311; x_wconf 76' lang='grc'><strong>157</strong></span> 
     </span>
    </p>
   </div>
   <div class='ocr_carea' id='block_1_2' title="bbox 42 437 1313 3819">
    <p class='ocr_par' dir='ltr' id='par_1_2' title="bbox 82 437 1153 2790">
     <span class='ocr_line' id='line_1_2' title="bbox 185 437 1153 530; baseline -0.001 -28"><span class='ocrx_word' id='word_1_6' title='bbox 185 438 351 504; x_wconf 91' lang='lat' dir='ltr'>XXXVII.</span> <span class='ocrx_word' id='word_1_7' title='bbox 373 438 459 503; x_wconf 91' lang='lat' dir='ltr'><strong>Dum</strong></span> <span class='ocrx_word' id='word_1_8' title='bbox 481 437 561 504; x_wconf 89' lang='lat' dir='ltr'><strong>hacc</strong></span> <span class='ocrx_word' id='word_1_9' title='bbox 582 438 625 503; x_wconf 90' lang='lat' dir='ltr'><strong>ad</strong></span> <span class='ocrx_word' id='word_1_10' title='bbox 640 438 829 522; x_wconf 83' lang='lat' dir='ltr'><strong>Gergoviam</strong></span> <span class='ocrx_word' id='word_1_11' title='bbox 851 443 1011 522; x_wconf 87' lang='lat' dir='ltr'><strong>geruntur,</strong></span> <span class='ocrx_word' id='word_1_12' title='bbox 1035 438 1113 503; x_wconf 84' lang='lat' dir='ltr'><strong>Con·</strong></span> <span class='ocrx_word' id='word_1_13' title='bbox 1133 457 1153 530; x_wconf 79' lang='lat' dir='ltr'><strong>r·</strong></span> 
     </span>
     <span class='ocr_line' id='line_1_3' title="bbox 84 540 1115 625; baseline 0 -20"><span class='ocrx_word' id='word_1_14' title='bbox 84 541 271 606; x_wconf 86' lang='lat' dir='ltr'><strong>rietolitavis</strong></span> <span class='ocrx_word' id='word_1_15' title='bbox 285 540 424 625; x_wconf 89' lang='lat' dir='ltr'><strong>Aeduus,</strong></span> <span class='ocrx_word' id='word_1_16' title='bbox 448 541 499 606; x_wconf 91' lang='lat' dir='ltr'><strong>cui</strong></span> <span class='ocrx_word' id='word_1_17' title='bbox 520 541 739 625; x_wconf 81' lang='lat' dir='ltr'><strong>magistratum</strong></span> <span class='ocrx_word' id='word_1_18' title='bbox 761 540 974 606; x_wconf 89' lang='lat' dir='ltr'><strong>adiudicatum</strong></span> <span class='ocrx_word' id='word_1_19' title='bbox 996 561 1017 605; x_wconf 89' lang='lat' dir='ltr'><strong>a</strong></span> <span class='ocrx_word' id='word_1_20' title='bbox 1040 541 1115 607; x_wconf 83' lang='lat' dir='ltr'><strong>an-</strong></span> 
     </span>
     <span class='ocr_line' id='line_1_4' title="bbox 83 642 1116 728; baseline 0 -20"><span class='ocrx_word' id='word_1_21' title='bbox 83 663 153 708; x_wconf 88' lang='lat' dir='ltr'><strong>sare</strong></span> <span class='ocrx_word' id='word_1_22' title='bbox 185 642 479 728; x_wconf 85' lang='lat' dir='ltr'><strong>demonstravimus,</strong></span> <span class='ocrx_word' id='word_1_23' title='bbox 513 644 697 711; x_wconf 85' lang='lat' dir='ltr'><strong>sollicitatus</strong></span> <span class='ocrx_word' id='word_1_24' title='bbox 729 645 770 709; x_wconf 94' lang='lat' dir='ltr'><strong>ab</strong></span> <span class='ocrx_word' id='word_1_25' title='bbox 800 643 951 709; x_wconf 80' lang='lat' dir='ltr'><strong>Aruernis</strong></span> <span class='ocrx_word' id='word_1_26' title='bbox 980 643 1116 728; x_wconf 87' lang='lat' dir='ltr'><strong>pecunia</strong></span> 
     </span>
     <span class='ocr_line' id='line_1_5' title="bbox 84 745 1116 833; baseline 0.001 -23"><span class='ocrx_word' id='word_1_27' title='bbox 84 767 154 810; x_wconf 90' lang='lat' dir='ltr'><strong>cum</strong></span> <span class='ocrx_word' id='word_1_28' title='bbox 176 745 363 829; x_wconf 89' lang='lat' dir='ltr'><strong>quibusdam</strong></span> <span class='ocrx_word' id='word_1_29' title='bbox 385 745 642 813; x_wconf 80' lang='lat' dir='ltr'><strong>adulescentibus</strong></span> <span class='ocrx_word' id='word_1_30' title='bbox 669 748 862 833; x_wconf 78' lang='lat' dir='ltr'>colloquitur,</span> <span class='ocrx_word' id='word_1_31' title='bbox 890 767 1021 831; x_wconf 91' lang='lat' dir='ltr'><strong>quorum</strong></span> <span class='ocrx_word' id='word_1_32' title='bbox 1049 754 1116 812; x_wconf 88' lang='lat' dir='ltr'><strong>erat</strong></span> 
     </span>
     <span class='ocr_line' id='line_1_6' title="bbox 82 849 1114 936; baseline 0.002 -24"><span class='ocrx_word' id='word_1_33' title='bbox 82 849 229 933; x_wconf 88' lang='lat' dir='ltr'><strong>princeps</strong></span> <span class='ocrx_word' id='word_1_34' title='bbox 244 849 423 915; x_wconf 86' lang='lat' dir='ltr'><strong>Litaviccus</strong></span> <span class='ocrx_word' id='word_1_35' title='bbox 439 856 537 932; x_wconf 86' lang='lat' dir='ltr'><strong>atque</strong></span> <span class='ocrx_word' id='word_1_36' title='bbox 557 850 625 915; x_wconf 89' lang='lat' dir='ltr'><strong>eius</strong></span> <span class='ocrx_word' id='word_1_37' title='bbox 639 849 761 935; x_wconf 78' lang='lat' dir='ltr'><strong>fratrea,</strong></span> <span class='ocrx_word' id='word_1_38' title='bbox 784 851 979 936; x_wconf 89' lang='lat' dir='ltr'><strong>amplissima</strong></span> <span class='ocrx_word' id='word_1_39' title='bbox 993 850 1114 915; x_wconf 86' lang='lat' dir='ltr'><strong>familia</strong></span> 
     </span>
     <span class='ocr_line' id='line_1_7' title="bbox 82 950 1149 1037; baseline 0.005 -22"><span class='ocrx_word' id='word_1_40' title='bbox 82 952 149 1015; x_wconf 93' lang='lat' dir='ltr'><strong>nati</strong></span> <span class='ocrx_word' id='word_1_41' title='bbox 170 950 397 1017; x_wconf 79' lang='lat' dir='ltr'><strong>adulescentes,</strong></span> <span class='ocrx_word' id='word_1_42' title='bbox 443 973 514 1017; x_wconf 94' lang='lat' dir='ltr'><strong>cum</strong></span> <span class='ocrx_word' id='word_1_43' title='bbox 536 952 585 1018; x_wconf 92' lang='lat' dir='ltr'><strong>his</strong></span> <span class='ocrx_word' id='word_1_44' title='bbox 607 955 782 1037; x_wconf 89' lang='lat' dir='ltr'><strong>praemium</strong></span> <span class='ocrx_word' id='word_1_45' title='bbox 810 953 1018 1019; x_wconf 87' lang='lat' dir='ltr'><strong>communicat</strong></span> <span class='ocrx_word' id='word_1_46' title='bbox 1046 953 1149 1020; x_wconf 80' lang='lat' dir='ltr'><strong>hor-a</strong></span> 
     </span>
     <span class='ocr_line' id='line_1_8' title="bbox 82 1055 1112 1141; baseline 0.002 -23"><span class='ocrx_word' id='word_1_47' title='bbox 82 1060 236 1138; x_wconf 87' lang='lat' dir='ltr'><strong>taturque,</strong></span> <span class='ocrx_word' id='word_1_48' title='bbox 270 1061 305 1120; x_wconf 89' lang='lat' dir='ltr'><strong>ut</strong></span> <span class='ocrx_word' id='word_1_49' title='bbox 337 1075 371 1121; x_wconf 92' lang='lat' dir='ltr'><strong>se</strong></span> <span class='ocrx_word' id='word_1_50' title='bbox 404 1055 520 1121; x_wconf 91' lang='lat' dir='ltr'><strong>liberos</strong></span> <span class='ocrx_word' id='word_1_51' title='bbox 554 1063 586 1121; x_wconf 91' lang='lat' dir='ltr'><strong>et</strong></span> <span class='ocrx_word' id='word_1_52' title='bbox 614 1057 747 1141; x_wconf 89' lang='lat' dir='ltr'><strong>imperio</strong></span> <span class='ocrx_word' id='word_1_53' title='bbox 776 1062 867 1122; x_wconf 86' lang='lat' dir='ltr'><strong>natos</strong></span> <span class='ocrx_word' id='word_1_54' title='bbox 903 1056 1112 1122; x_wconf 89' lang='lat' dir='ltr'><strong>meminerint.</strong></span> 
     </span>
     <span class='ocr_line' id='line_1_9' title="bbox 83 1157 1148 1242; baseline 0.004 -20"><span class='ocrx_word' id='word_1_55' title='bbox 83 1176 178 1223; x_wconf 88' lang='lat' dir='ltr'><strong>unam</strong></span> <span class='ocrx_word' id='word_1_56' title='bbox 200 1177 269 1223; x_wconf 91' lang='lat' dir='ltr'><strong>esse</strong></span> <span class='ocrx_word' id='word_1_57' title='bbox 283 1157 463 1224; x_wconf 84' lang='lat' dir='ltr'><strong>Aeduorum</strong></span> <span class='ocrx_word' id='word_1_58' title='bbox 479 1159 648 1242; x_wconf 88' lang='lat' dir='ltr'><strong>civitatem,</strong></span> <span class='ocrx_word' id='word_1_59' title='bbox 672 1180 754 1242; x_wconf 87' lang='lat' dir='ltr'><strong>quae</strong></span> <span class='ocrx_word' id='word_1_60' title='bbox 773 1161 977 1225; x_wconf 81' lang='lat' dir='ltr'><strong>certissimam</strong></span> <span class='ocrx_word' id='word_1_61' title='bbox 994 1159 1114 1225; x_wconf 82' lang='lat' dir='ltr'><strong>Galliae</strong></span> <span class='ocrx_word' id='word_1_62' title='bbox 1132 1179 1148 1226; x_wconf 82' lang='lat' dir='ltr'><strong>c</strong></span> 
     </span>
     <span class='ocr_line' id='line_1_10' title="bbox 83 1260 1113 1348; baseline 0.003 -25"><span class='ocrx_word' id='word_1_63' title='bbox 83 1260 244 1326; x_wconf 87' lang='lat' dir='ltr'><strong>victoriam</strong></span> <span class='ocrx_word' id='word_1_64' title='bbox 274 1260 428 1348; x_wconf 78' lang='lat' dir='ltr'><strong>detineat3</strong></span> <span class='ocrx_word' id='word_1_65' title='bbox 460 1262 527 1327; x_wconf 90' lang='lat' dir='ltr'><strong>eius</strong></span> <span class='ocrx_word' id='word_1_66' title='bbox 559 1262 745 1328; x_wconf 92' lang='lat' dir='ltr'><strong>auctoritate</strong></span> <span class='ocrx_word' id='word_1_67' title='bbox 777 1263 914 1346; x_wconf 86' lang='lat' dir='ltr'><strong>reliquas</strong></span> <span class='ocrx_word' id='word_1_68' title='bbox 948 1262 1113 1346; x_wconf 89' lang='lat' dir='ltr'><strong>contineri;</strong></span> 
     </span>
     <span class='ocr_line' id='line_1_11' title="bbox 83 1362 1113 1444; baseline 0.004 -19"><span class='ocrx_word' id='word_1_69' title='bbox 83 1382 145 1444; x_wconf 93' lang='lat' dir='ltr'><strong>qua</strong></span> <span class='ocrx_word' id='word_1_70' title='bbox 173 1362 316 1429; x_wconf 88' lang='lat' dir='ltr'><strong>traducta</strong></span> <span class='ocrx_word' id='word_1_71' title='bbox 344 1365 446 1429; x_wconf 90' lang='lat' dir='ltr'><strong>locum</strong></span> <span class='ocrx_word' id='word_1_72' title='bbox 477 1363 669 1430; x_wconf 88' lang='lat' dir='ltr'><strong>consistendi</strong></span> <span class='ocrx_word' id='word_1_73' title='bbox 690 1365 841 1431; x_wconf 89' lang='lat' dir='ltr'><strong>Romanis</strong></span> <span class='ocrx_word' id='word_1_74' title='bbox 870 1365 903 1430; x_wconf 94' lang='lat' dir='ltr'><strong>in</strong></span> <span class='ocrx_word' id='word_1_75' title='bbox 926 1365 1029 1432; x_wconf 83' lang='lat' dir='ltr'><strong>Gallia</strong></span> <span class='ocrx_word' id='word_1_76' title='bbox 1050 1385 1113 1430; x_wconf 93' lang='lat' dir='ltr'><strong>non</strong></span> 
     </span>
     <span class='ocr_line' id='line_1_12' title="bbox 82 1465 1147 1552; baseline 0.007 -23"><span class='ocrx_word' id='word_1_77' title='bbox 82 1465 158 1530; x_wconf 85' lang='lat' dir='ltr'><strong>fore.</strong></span> <span class='ocrx_word' id='word_1_78' title='bbox 203 1486 272 1532; x_wconf 86' lang='lat' dir='ltr'><strong>esse</strong></span> <span class='ocrx_word' id='word_1_79' title='bbox 293 1468 442 1533; x_wconf 92' lang='lat' dir='ltr'><strong>nonnullo</strong></span> <span class='ocrx_word' id='word_1_80' title='bbox 465 1487 500 1534; x_wconf 85' lang='lat' dir='ltr'><strong>se</strong></span> <span class='ocrx_word' id='word_1_81' title='bbox 523 1468 667 1535; x_wconf 74' lang='lat' dir='ltr'><strong>Caesaris</strong></span> <span class='ocrx_word' id='word_1_82' title='bbox 696 1468 851 1536; x_wconf 88' lang='lat' dir='ltr'><strong>beneficio</strong></span> <span class='ocrx_word' id='word_1_83' title='bbox 880 1469 1038 1552; x_wconf 86' lang='lat' dir='ltr'><strong>affectum,</strong></span> <span class='ocrx_word' id='word_1_84' title='bbox 1068 1469 1147 1536; x_wconf 79' lang='lat' dir='ltr'><strong>sicr</strong></span> 
     </span>
     <span class='ocr_line' id='line_1_13' title="bbox 83 1569 1113 1656; baseline 0.003 -25"><span class='ocrx_word' id='word_1_85' title='bbox 83 1572 198 1650; x_wconf 84' lang='lat' dir='ltr'><strong>tamen,</strong></span> <span class='ocrx_word' id='word_1_86' title='bbox 223 1576 256 1635; x_wconf 94' lang='lat' dir='ltr'><strong>ut</strong></span> <span class='ocrx_word' id='word_1_87' title='bbox 276 1571 479 1637; x_wconf 88' lang='lat' dir='ltr'><strong>iustissimam</strong></span> <span class='ocrx_word' id='word_1_88' title='bbox 501 1571 587 1656; x_wconf 92' lang='lat' dir='ltr'><strong>apud</strong></span> <span class='ocrx_word' id='word_1_89' title='bbox 610 1592 682 1637; x_wconf 88' lang='lat' dir='ltr'><strong>eum</strong></span> <span class='ocrx_word' id='word_1_90' title='bbox 705 1593 833 1638; x_wconf 87' lang='lat' dir='ltr'><strong>causam</strong></span> <span class='ocrx_word' id='word_1_91' title='bbox 852 1573 1034 1656; x_wconf 86' lang='lat' dir='ltr'><strong>obtinuerit;</strong></span> <span class='ocrx_word' id='word_1_92' title='bbox 1057 1569 1113 1636; x_wconf 93' lang='lat' dir='ltr'><strong>sed</strong></span> 
     </span>
     <span class='ocr_line' id='line_1_14' title="bbox 83 1673 1147 1760; baseline 0.006 -24"><span class='ocrx_word' id='word_1_93' title='bbox 83 1673 155 1755; x_wconf 90' lang='lat' dir='ltr'><strong>plus</strong></span> <span class='ocrx_word' id='word_1_94' title='bbox 177 1675 333 1740; x_wconf 89' lang='lat' dir='ltr'><strong>communi</strong></span> <span class='ocrx_word' id='word_1_95' title='bbox 354 1677 491 1742; x_wconf 85' lang='lat' dir='ltr'><strong>libertati</strong></span> <span class='ocrx_word' id='word_1_96' title='bbox 514 1676 660 1741; x_wconf 91' lang='lat' dir='ltr'><strong>tribuere.</strong></span> <span class='ocrx_word' id='word_1_97' title='bbox 704 1696 758 1740; x_wconf 90' lang='lat' dir='ltr'><strong>eur</strong></span> <span class='ocrx_word' id='word_1_98' title='bbox 781 1677 864 1740; x_wconf 91' lang='lat' dir='ltr'><strong>enim</strong></span> <span class='ocrx_word' id='word_1_99' title='bbox 886 1676 989 1760; x_wconf 89' lang='lat' dir='ltr'><strong>potius</strong></span> <span class='ocrx_word' id='word_1_100' title='bbox 1010 1673 1147 1742; x_wconf 76' lang='lat' dir='ltr'><strong>Aeduis</strong></span> 
     </span>
     <span class='ocr_line' id='line_1_15' title="bbox 83 1774 1111 1863; baseline 0.001 -23"><span class='ocrx_word' id='word_1_101' title='bbox 83 1774 124 1840; x_wconf 91' lang='lat' dir='ltr'><strong>dc</strong></span> <span class='ocrx_word' id='word_1_102' title='bbox 152 1796 207 1841; x_wconf 90' lang='lat' dir='ltr'><strong>suo</strong></span> <span class='ocrx_word' id='word_1_103' title='bbox 236 1777 303 1842; x_wconf 91' lang='lat' dir='ltr'><strong>iure</strong></span> <span class='ocrx_word' id='word_1_104' title='bbox 333 1785 365 1844; x_wconf 88' lang='lat' dir='ltr'><strong>et</strong></span> <span class='ocrx_word' id='word_1_105' title='bbox 393 1778 434 1844; x_wconf 92' lang='lat' dir='ltr'><strong>de</strong></span> <span class='ocrx_word' id='word_1_106' title='bbox 463 1779 587 1863; x_wconf 82' lang='lat' dir='ltr'><strong>legibus</strong></span> <span class='ocrx_word' id='word_1_107' title='bbox 608 1779 650 1850; x_wconf 87' lang='lat' dir='ltr'><strong>ad</strong></span> <span class='ocrx_word' id='word_1_108' title='bbox 673 1780 840 1845; x_wconf 85' lang='lat' dir='ltr'><strong>Caesarem</strong></span> <span class='ocrx_word' id='word_1_109' title='bbox 862 1778 1111 1862; x_wconf 80' lang='lat' dir='ltr'><strong>disceptatorem,</strong></span> 
     </span>
     <span class='ocr_line' id='line_1_16' title="bbox 84 1880 1147 1959; baseline 0.005 -16"><span class='ocrx_word' id='word_1_110' title='bbox 84 1899 177 1959; x_wconf 89' lang='lat' dir='ltr'><strong>quam</strong></span> <span class='ocrx_word' id='word_1_111' title='bbox 199 1881 332 1946; x_wconf 89' lang='lat' dir='ltr'><strong>Romani</strong></span> <span class='ocrx_word' id='word_1_112' title='bbox 353 1881 395 1946; x_wconf 84' lang='lat' dir='ltr'><strong>ad</strong></span> <span class='ocrx_word' id='word_1_113' title='bbox 417 1881 544 1948; x_wconf 86' lang='lat' dir='ltr'><strong>Aeduos</strong></span> <span class='ocrx_word' id='word_1_114' title='bbox 567 1882 720 1947; x_wconf 80' lang='lat' dir='ltr'><strong>veniant?</strong></span> <span class='ocrx_word' id='word_1_115' title='bbox 765 1882 907 1947; x_wconf 88' lang='lat' dir='ltr'><strong>celeriter</strong></span> <span class='ocrx_word' id='word_1_116' title='bbox 933 1880 1147 1948; x_wconf 79' lang='lat' dir='ltr'><strong>adulescens</strong></span> 
     </span>
     <span class='ocr_line' id='line_1_17' title="bbox 85 1981 1112 2070; baseline 0.002 -25"><span class='ocrx_word' id='word_1_117' title='bbox 85 1981 167 2047; x_wconf 90' lang='lat' dir='ltr'><strong>tibus</strong></span> <span class='ocrx_word' id='word_1_118' title='bbox 197 1990 229 2048; x_wconf 88' lang='lat' dir='ltr'><strong>et</strong></span> <span class='ocrx_word' id='word_1_119' title='bbox 257 1985 396 2050; x_wconf 87' lang='lat' dir='ltr'><strong>oratione</strong></span> <span class='ocrx_word' id='word_1_120' title='bbox 427 1985 629 2070; x_wconf 87' lang='lat' dir='ltr'><strong>magistratus</strong></span> <span class='ocrx_word' id='word_1_121' title='bbox 652 1990 683 2050; x_wconf 92' lang='lat' dir='ltr'><strong>et</strong></span> <span class='ocrx_word' id='word_1_122' title='bbox 704 1985 844 2070; x_wconf 88' lang='lat' dir='ltr'><strong>praemio</strong></span> <span class='ocrx_word' id='word_1_123' title='bbox 867 1983 1017 2068; x_wconf 88' lang='lat' dir='ltr'><strong>deductis,</strong></span> <span class='ocrx_word' id='word_1_124' title='bbox 1041 2003 1112 2048; x_wconf 91' lang='lat' dir='ltr'><strong>cum</strong></span> 
     </span>
     <span class='ocr_line' id='line_1_18' title="bbox 84 2086 1113 2172; baseline 0.001 -22"><span class='ocrx_word' id='word_1_125' title='bbox 84 2104 118 2150; x_wconf 86' lang='lat' dir='ltr'><strong>se</strong></span> <span class='ocrx_word' id='word_1_126' title='bbox 133 2086 184 2150; x_wconf 88' lang='lat' dir='ltr'><strong>vel</strong></span> <span class='ocrx_word' id='word_1_127' title='bbox 205 2086 363 2172; x_wconf 89' lang='lat' dir='ltr'><strong>principes</strong></span> <span class='ocrx_word' id='word_1_128' title='bbox 386 2089 452 2154; x_wconf 87' lang='lat' dir='ltr'><strong>eius</strong></span> <span class='ocrx_word' id='word_1_129' title='bbox 468 2088 589 2154; x_wconf 87' lang='lat' dir='ltr'><strong>consilii</strong></span> <span class='ocrx_word' id='word_1_130' title='bbox 604 2087 671 2153; x_wconf 85' lang='lat' dir='ltr'><strong>fore</strong></span> <span class='ocrx_word' id='word_1_131' title='bbox 693 2087 922 2172; x_wconf 89' lang='lat' dir='ltr'><strong>profiterentur,</strong></span> <span class='ocrx_word' id='word_1_132' title='bbox 944 2087 1024 2152; x_wconf 90' lang='lat' dir='ltr'><strong>ratio</strong></span> <span class='ocrx_word' id='word_1_133' title='bbox 1045 2106 1113 2171; x_wconf 93' lang='lat' dir='ltr'><strong>per·</strong></span> 
     </span>
     <span class='ocr_line' id='line_1_19' title="bbox 83 2185 1113 2275; baseline 0.004 -25"><span class='ocrx_word' id='word_1_134' title='bbox 83 2185 208 2253; x_wconf 87' lang='lat' dir='ltr'><strong>ficiendi</strong></span> <span class='ocrx_word' id='word_1_135' title='bbox 231 2191 447 2275; x_wconf 86' lang='lat' dir='ltr'><strong>quaerebatur,</strong></span> <span class='ocrx_word' id='word_1_136' title='bbox 472 2190 555 2274; x_wconf 93' lang='lat' dir='ltr'><strong>quod</strong></span> <span class='ocrx_word' id='word_1_137' title='bbox 571 2191 732 2256; x_wconf 88' lang='lat' dir='ltr'><strong>civitatem</strong></span> <span class='ocrx_word' id='word_1_138' title='bbox 747 2198 866 2257; x_wconf 93' lang='lat' dir='ltr'><strong>temere</strong></span> <span class='ocrx_word' id='word_1_139' title='bbox 880 2190 922 2257; x_wconf 92' lang='lat' dir='ltr'><strong>ad</strong></span> <span class='ocrx_word' id='word_1_140' title='bbox 944 2190 1113 2274; x_wconf 86' lang='lat' dir='ltr'><strong>suscipien-</strong></span> 
     </span>
     <span class='ocr_line' id='line_1_20' title="bbox 83 2288 1145 2379; baseline 0.008 -26"><span class='ocrx_word' id='word_1_141' title='bbox 83 2288 157 2354; x_wconf 90' lang='lat' dir='ltr'><strong>dum</strong></span> <span class='ocrx_word' id='word_1_142' title='bbox 179 2291 295 2356; x_wconf 93' lang='lat' dir='ltr'><strong>bellum</strong></span> <span class='ocrx_word' id='word_1_143' title='bbox 317 2291 431 2358; x_wconf 89' lang='lat' dir='ltr'><strong>adduci</strong></span> <span class='ocrx_word' id='word_1_144' title='bbox 453 2313 547 2378; x_wconf 89' lang='lat' dir='ltr'><strong>posse</strong></span> <span class='ocrx_word' id='word_1_145' title='bbox 573 2314 636 2358; x_wconf 92' lang='lat' dir='ltr'><strong>non</strong></span> <span class='ocrx_word' id='word_1_146' title='bbox 667 2293 876 2360; x_wconf 87' lang='lat' dir='ltr'><strong>confidebant.</strong></span> <span class='ocrx_word' id='word_1_147' title='bbox 921 2294 1047 2379; x_wconf 90' lang='lat' dir='ltr'><strong>placuit,</strong></span> <span class='ocrx_word' id='word_1_148' title='bbox 1077 2300 1112 2358; x_wconf 92' lang='lat' dir='ltr'><strong>ut</strong></span> <span class='ocrx_word' id='word_1_149' title='bbox 1131 2314 1145 2361; x_wconf 83' lang='lat' dir='ltr'><strong>r</strong></span> 
     </span>
     <span class='ocr_line' id='line_1_21' title="bbox 83 2392 1112 2480; baseline 0.004 -24"><span class='ocrx_word' id='word_1_150' title='bbox 83 2392 260 2459; x_wconf 86' lang='lat' dir='ltr'><strong>Litaviccus</strong></span> <span class='ocrx_word' id='word_1_151' title='bbox 282 2393 391 2460; x_wconf 92' lang='lat' dir='ltr'><strong>decem</strong></span> <span class='ocrx_word' id='word_1_152' title='bbox 413 2397 474 2462; x_wconf 91' lang='lat' dir='ltr'><strong>illis</strong></span> <span class='ocrx_word' id='word_1_153' title='bbox 496 2397 632 2480; x_wconf 91' lang='lat' dir='ltr'><strong>milibus,</strong></span> <span class='ocrx_word' id='word_1_154' title='bbox 664 2417 746 2480; x_wconf 87' lang='lat' dir='ltr'><strong>quae</strong></span> <span class='ocrx_word' id='word_1_155' title='bbox 768 2397 896 2464; x_wconf 84' lang='lat' dir='ltr'><strong>Caesari</strong></span> <span class='ocrx_word' id='word_1_156' title='bbox 924 2396 966 2462; x_wconf 86' lang='lat' dir='ltr'><strong>ad</strong></span> <span class='ocrx_word' id='word_1_157' title='bbox 994 2397 1112 2462; x_wconf 91' lang='lat' dir='ltr'><strong>bellum</strong></span> 
     </span>
     <span class='ocr_line' id='line_1_22' title="bbox 83 2495 1112 2582; baseline 0.004 -22"><span class='ocrx_word' id='word_1_158' title='bbox 83 2495 286 2582; x_wconf 89' lang='lat' dir='ltr'><strong>mitterentur,</strong></span> <span class='ocrx_word' id='word_1_159' title='bbox 308 2498 529 2582; x_wconf 89' lang='lat' dir='ltr'><strong>praeficeretur</strong></span> <span class='ocrx_word' id='word_1_160' title='bbox 550 2506 645 2582; x_wconf 90' lang='lat' dir='ltr'><strong>atque</strong></span> <span class='ocrx_word' id='word_1_161' title='bbox 668 2519 706 2564; x_wconf 89' lang='lat' dir='ltr'><strong>ea</strong></span> <span class='ocrx_word' id='word_1_162' title='bbox 728 2499 873 2565; x_wconf 87' lang='lat' dir='ltr'><strong>ducenda</strong></span> <span class='ocrx_word' id='word_1_163' title='bbox 895 2505 1026 2580; x_wconf 86' lang='lat' dir='ltr'><strong>curaret,</strong></span> <span class='ocrx_word' id='word_1_164' title='bbox 1053 2498 1112 2564; x_wconf 76' lang='lat' dir='ltr'><strong>fra</strong></span> 
     </span>
     <span class='ocr_line' id='line_1_23' title="bbox 83 2601 1112 2687; baseline 0.003 -24"><span class='ocrx_word' id='word_1_165' title='bbox 83 2604 207 2681; x_wconf 89' lang='lat' dir='ltr'><strong>tresque</strong></span> <span class='ocrx_word' id='word_1_166' title='bbox 237 2601 303 2666; x_wconf 89' lang='lat' dir='ltr'><strong>eius</strong></span> <span class='ocrx_word' id='word_1_167' title='bbox 332 2601 374 2666; x_wconf 87' lang='lat' dir='ltr'><strong>ad</strong></span> <span class='ocrx_word' id='word_1_168' title='bbox 404 2603 572 2669; x_wconf 82' lang='lat' dir='ltr'><strong>Caesarem</strong></span> <span class='ocrx_word' id='word_1_169' title='bbox 604 2609 852 2687; x_wconf 89' lang='lat' dir='ltr'><strong>praecurrerent.</strong></span> <span class='ocrx_word' id='word_1_170' title='bbox 897 2603 1017 2685; x_wconf 87' lang='lat' dir='ltr'><strong>reliqua</strong></span> <span class='ocrx_word' id='word_1_171' title='bbox 1049 2621 1112 2684; x_wconf 89' lang='lat' dir='ltr'><strong>qua</strong></span> 
     </span>
     <span class='ocr_line' id='line_1_24' title="bbox 82 2703 657 2790; baseline 0.005 -23"><span class='ocrx_word' id='word_1_172' title='bbox 82 2703 203 2769; x_wconf 87' lang='lat' dir='ltr'><strong>ratione</strong></span> <span class='ocrx_word' id='word_1_173' title='bbox 225 2705 276 2788; x_wconf 84' lang='lat' dir='ltr'><strong>agi</strong></span> <span class='ocrx_word' id='word_1_174' title='bbox 298 2706 431 2790; x_wconf 90' lang='lat' dir='ltr'><strong>placeat,</strong></span> <span class='ocrx_word' id='word_1_175' title='bbox 456 2707 657 2772; x_wconf 86' lang='lat' dir='ltr'><strong>constituunt.</strong></span> 
     </span>
    </p>

    <p class='ocr_par' dir='ltr' id='par_1_3' title="bbox 78 2807 1145 3513">
     <span class='ocr_line' id='line_1_25' title="bbox 183 2807 1142 2894; baseline 0.004 -22"><span class='ocrx_word' id='word_1_176' title='bbox 183 2807 366 2873; x_wconf 90' lang='lat' dir='ltr'>XXXVIH.</span> <span class='ocrx_word' id='word_1_177' title='bbox 404 2809 584 2875; x_wconf 84' lang='lat' dir='ltr'><strong>Litaviccus</strong></span> <span class='ocrx_word' id='word_1_178' title='bbox 606 2815 736 2894; x_wconf 89' lang='lat' dir='ltr'><strong>accepto</strong></span> <span class='ocrx_word' id='word_1_179' title='bbox 759 2809 908 2893; x_wconf 86' lang='lat' dir='ltr'><strong>exercitu,</strong></span> <span class='ocrx_word' id='word_1_180' title='bbox 932 2828 1002 2874; x_wconf 94' lang='lat' dir='ltr'><strong>cum</strong></span> <span class='ocrx_word' id='word_1_181' title='bbox 1024 2807 1142 2876; x_wconf 84' lang='lat' dir='ltr'><strong>miliar</strong></span> 
     </span>
     <span class='ocr_line' id='line_1_26' title="bbox 82 2911 1111 2996; baseline 0.001 -23"><span class='ocrx_word' id='word_1_182' title='bbox 82 2928 230 2992; x_wconf 86' lang='lat' dir='ltr'><strong>passuum</strong></span> <span class='ocrx_word' id='word_1_183' title='bbox 253 2911 375 2976; x_wconf 88' lang='lat' dir='ltr'><strong>circiter</strong></span> <span class='ocrx_word' id='word_1_184' title='bbox 397 2913 493 2978; x_wconf 90' lang='lat' dir='ltr'><strong>XXX</strong></span> <span class='ocrx_word' id='word_1_185' title='bbox 514 2914 555 2979; x_wconf 91' lang='lat' dir='ltr'><strong>ab</strong></span> <span class='ocrx_word' id='word_1_186' title='bbox 579 2912 738 2996; x_wconf 80' lang='lat' dir='ltr'><strong>Gergovia</strong></span> <span class='ocrx_word' id='word_1_187' title='bbox 767 2914 902 2993; x_wconf 87' lang='lat' dir='ltr'><strong>abesset,</strong></span> <span class='ocrx_word' id='word_1_188' title='bbox 933 2911 1111 2977; x_wconf 85' lang='lat' dir='ltr'><strong>convocatis</strong></span> 
     </span>
     <span class='ocr_line' id='line_1_27' title="bbox 83 3012 1111 3100; baseline 0 -24"><span class='ocrx_word' id='word_1_189' title='bbox 83 3012 185 3078; x_wconf 88' lang='lat' dir='ltr'><strong>subito</strong></span> <span class='ocrx_word' id='word_1_190' title='bbox 199 3014 351 3080; x_wconf 91' lang='lat' dir='ltr'><strong>militibus</strong></span> <span class='ocrx_word' id='word_1_191' title='bbox 365 3015 546 3080; x_wconf 87' lang='lat' dir='ltr'><strong>lacrimans:</strong></span> <span class='ocrx_word' id='word_1_192' title='bbox 570 3037 630 3100; x_wconf 80' lang='lat' dir='ltr'><strong>quo</strong></span> <span class='ocrx_word' id='word_1_193' title='bbox 649 3014 901 3100; x_wconf 79' lang='lat' dir='ltr'><strong>proficiscimur,</strong></span> <span class='ocrx_word' id='word_1_194' title='bbox 921 3013 1031 3097; x_wconf 86' lang='lat' dir='ltr'><strong>inquit,</strong></span> <span class='ocrx_word' id='word_1_195' title='bbox 1054 3014 1111 3077; x_wconf 86' lang='lat' dir='ltr'><strong>mi·</strong></span> 
     </span>
     <span class='ocr_line' id='line_1_28' title="bbox 85 3113 1145 3202; baseline 0.008 -26"><span class='ocrx_word' id='word_1_196' title='bbox 85 3113 173 3177; x_wconf 73' lang='lat' dir='ltr'><strong>lites?</strong></span> <span class='ocrx_word' id='word_1_197' title='bbox 205 3117 305 3179; x_wconf 83' lang='lat' dir='ltr'><strong>omnis</strong></span> <span class='ocrx_word' id='word_1_198' title='bbox 327 3127 436 3180; x_wconf 80' lang='lat' dir='ltr'><strong>noster</strong></span> <span class='ocrx_word' id='word_1_199' title='bbox 458 3118 631 3202; x_wconf 79' lang='lat' dir='ltr'><strong>equitatus,</strong></span> <span class='ocrx_word' id='word_1_200' title='bbox 654 3117 756 3180; x_wconf 75' lang='lat' dir='ltr'><strong>omnia</strong></span> <span class='ocrx_word' id='word_1_201' title='bbox 782 3115 937 3180; x_wconf 74' lang='lat' dir='ltr'><strong>nobilitas</strong></span> <span class='ocrx_word' id='word_1_202' title='bbox 967 3116 1145 3196; x_wconf 54' lang='lat' dir='ltr'><strong>interimi</strong></span> 
     </span>
     <span class='ocr_line' id='line_1_29' title="bbox 79 3218 1112 3307; baseline 0.001 -27"><span class='ocrx_word' id='word_1_203' title='bbox 79 3219 246 3303; x_wconf 79' lang='lat' dir='ltr'><strong>principes</strong></span> <span class='ocrx_word' id='word_1_204' title='bbox 258 3220 411 3298; x_wconf 82' lang='lat' dir='ltr'><strong>ciuitatis,</strong></span> <span class='ocrx_word' id='word_1_205' title='bbox 420 3219 630 3307; x_wconf 74' lang='lat' dir='ltr'><strong>Eporedoriae</strong></span> <span class='ocrx_word' id='word_1_206' title='bbox 641 3219 916 3297; x_wconf 79' lang='lat' dir='ltr'><strong>etViridomarue,</strong></span> <span class='ocrx_word' id='word_1_207' title='bbox 925 3218 1112 3282; x_wconf 78' lang='lat' dir='ltr'><strong>insimulati</strong></span> 
     </span>
     <span class='ocr_line' id='line_1_30' title="bbox 78 3320 1119 3407; baseline 0.001 -24"><span class='ocrx_word' id='word_1_208' title='bbox 78 3320 291 3404; x_wconf 82' lang='lat' dir='ltr'><strong>proditionis,</strong></span> <span class='ocrx_word' id='word_1_209' title='bbox 314 3321 355 3386; x_wconf 82' lang='lat' dir='ltr'><strong>ab</strong></span> <span class='ocrx_word' id='word_1_210' title='bbox 378 3323 536 3386; x_wconf 80' lang='lat' dir='ltr'><strong>Romanis</strong></span> <span class='ocrx_word' id='word_1_211' title='bbox 558 3323 686 3386; x_wconf 82' lang='lat' dir='ltr'><strong>indicta</strong></span> <span class='ocrx_word' id='word_1_212' title='bbox 707 3345 808 3386; x_wconf 77' lang='lat' dir='ltr'><strong>cauca</strong></span> <span class='ocrx_word' id='word_1_213' title='bbox 830 3321 996 3407; x_wconf 81' lang='lat' dir='ltr'><strong>interfecti</strong></span> <span class='ocrx_word' id='word_1_214' title='bbox 1024 3327 1119 3385; x_wconf 81' lang='lat' dir='ltr'><strong>aaut.&#39;</strong></span> 
     </span>
     <span class='ocr_line' id='line_1_31' title="bbox 84 3423 1145 3513; baseline 0.008 -27"><span class='ocrx_word' id='word_1_215' title='bbox 84 3425 158 3487; x_wconf 86' lang='lat' dir='ltr'><strong>baec</strong></span> <span class='ocrx_word' id='word_1_216' title='bbox 179 3423 220 3488; x_wconf 83' lang='lat' dir='ltr'><strong>ab</strong></span> <span class='ocrx_word' id='word_1_217' title='bbox 242 3426 325 3510; x_wconf 78' lang='lat' dir='ltr'><strong>ipsis</strong></span> <span class='ocrx_word' id='word_1_218' title='bbox 348 3427 530 3513; x_wconf 76' lang='lat' dir='ltr'><strong>copcoacite,</strong></span> <span class='ocrx_word' id='word_1_219' title='bbox 557 3427 615 3512; x_wconf 81' lang='lat' dir='ltr'><strong>qai</strong></span> <span class='ocrx_word' id='word_1_220' title='bbox 644 3447 683 3489; x_wconf 81' lang='lat' dir='ltr'><strong>ea</strong></span> <span class='ocrx_word' id='word_1_221' title='bbox 712 3427 787 3510; x_wconf 83' lang='lat' dir='ltr'><strong>ipsa</strong></span> <span class='ocrx_word' id='word_1_222' title='bbox 816 3425 910 3489; x_wconf 85' lang='lat' dir='ltr'><strong>caede</strong></span> <span class='ocrx_word' id='word_1_223' title='bbox 932 3425 1145 3511; x_wconf 79' lang='lat' dir='ltr'><strong>superant;³</strong></span> 
     </span>
    </p>

    <p class='ocr_par' dir='ltr' id='par_1_4' title="bbox 42 3527 1313 3819">
     <span class='ocr_line' id='line_1_32' title="bbox 42 3527 1313 3615; baseline 0.002 -27"><span class='ocrx_word' id='word_1_224' title='bbox 42 3588 45 3595; x_wconf 75' lang='grc'>,</span> <span class='ocrx_word' id='word_1_225' title='bbox 71 3549 157 3590; x_wconf 68' lang='grc' dir='ltr'><strong>Ιηανη</strong></span> <span class='ocrx_word' id='word_1_226' title='bbox 179 3549 232 3614; x_wconf 80' lang='lat' dir='ltr'><strong>epo</strong></span> <span class='ocrx_word' id='word_1_227' title='bbox 248 3529 422 3615; x_wconf 80' lang='lat' dir='ltr'><strong>fratribus</strong></span> <span class='ocrx_word' id='word_1_228' title='bbox 438 3539 533 3615; x_wconf 82' lang='lat' dir='ltr'><strong>atque</strong></span> <span class='ocrx_word' id='word_1_229' title='bbox 548 3528 695 3592; x_wconf 80' lang='lat' dir='ltr'><strong>omnibus</strong></span> <span class='ocrx_word' id='word_1_230' title='bbox 710 3529 788 3592; x_wconf 78' lang='lat' dir='ltr'><strong>meio</strong></span> <span class='ocrx_word' id='word_1_231' title='bbox 799 3528 998 3612; x_wconf 78' lang='lat' dir='ltr'><strong>propinquis</strong></span> <span class='ocrx_word' id='word_1_232' title='bbox 1013 3527 1110 3590; x_wconf 82' lang='lat' dir='ltr'><strong>inter·</strong></span> <span class='ocrx_word' id='word_1_233' title='bbox 1176 3563 1179 3570; x_wconf 90' lang='lat'><strong>·</strong></span> <span class='ocrx_word' id='word_1_234' title='bbox 1302 3532 1313 3548; x_wconf 88' lang='grc'><strong>”</strong></span> 
     </span>
     <span class='ocr_line' id='line_1_33' title="bbox 76 3617 1203 3717; baseline 0.002 -25"><span class='ocrx_word' id='word_1_235' title='bbox 76 3628 176 3713; x_wconf 77' lang='lat' dir='ltr'><strong>sectio</strong></span> <span class='ocrx_word' id='word_1_236' title='bbox 200 3629 308 3695; x_wconf 82' lang='lat' dir='ltr'><strong>dolore</strong></span> <span class='ocrx_word' id='word_1_237' title='bbox 326 3630 515 3716; x_wconf 78' lang='lat' dir='ltr'><strong>prohibeor,</strong></span> <span class='ocrx_word' id='word_1_238' title='bbox 546 3653 627 3717; x_wconf 78' lang='lat' dir='ltr'><strong>quae</strong></span> <span class='ocrx_word' id='word_1_239' title='bbox 656 3641 851 3716; x_wconf 75' lang='lat' dir='ltr'><strong>portarunt,</strong></span> <span class='ocrx_word' id='word_1_240' title='bbox 878 3631 1109 3715; x_wconf 80' lang='lat' dir='ltr'><strong>pronuntiare.</strong></span> <span class='ocrx_word' id='word_1_241' title='bbox 1199 3617 1203 3622; x_wconf 38' lang='lat'><strong>¹</strong></span> 
     </span>
     <span class='ocr_line' id='line_1_34' title="bbox 83 3731 1177 3819; baseline -0.002 -23"><span class='ocrx_word' id='word_1_242' title='bbox 83 3731 294 3816; x_wconf 90' lang='lat' dir='ltr'><strong>producuntur</strong></span> <span class='ocrx_word' id='word_1_243' title='bbox 322 3733 365 3819; x_wconf 92' lang='lat' dir='ltr'><strong>hi,</strong></span> <span class='ocrx_word' id='word_1_244' title='bbox 396 3753 475 3818; x_wconf 91' lang='lat' dir='ltr'><strong>quos</strong></span> <span class='ocrx_word' id='word_1_245' title='bbox 504 3734 556 3799; x_wconf 91' lang='lat' dir='ltr'><strong>ille</strong></span> <span class='ocrx_word' id='word_1_246' title='bbox 586 3733 763 3816; x_wconf 89' lang='lat' dir='ltr'><strong>edocuerat,</strong></span> <span class='ocrx_word' id='word_1_247' title='bbox 794 3752 875 3817; x_wconf 91' lang='lat' dir='ltr'><strong>quae</strong></span> <span class='ocrx_word' id='word_1_248' title='bbox 909 3732 972 3798; x_wconf 92' lang='lat' dir='ltr'><strong>dici</strong></span> <span class='ocrx_word' id='word_1_249' title='bbox 1004 3732 1144 3813; x_wconf 73' lang='lat' dir='ltr'><strong>velletr</strong></span> <span class='ocrx_word' id='word_1_250' title='bbox 1174 3789 1177 3794; x_wconf 90' lang='lat'>.</span> 
     </span>
    </p>
   </div>
   <div class='ocr_carea' id='block_1_3' title="bbox 80 3833 1110 3944">
    <p class='ocr_par' dir='ltr' id='par_1_5' title="bbox 80 3833 1110 3944">
     <span class='ocr_line' id='line_1_35' title="bbox 80 3833 1110 3944; baseline -0.002 -44"><span class='ocrx_word' id='word_1_251' title='bbox 80 3841 176 3944; x_wconf 85' lang='lat' dir='ltr'><strong>atque</strong></span> <span class='ocrx_word' id='word_1_252' title='bbox 198 3835 318 3920; x_wconf 89' lang='lat' dir='ltr'><strong>eadem,</strong></span> <span class='ocrx_word' id='word_1_253' title='bbox 341 3857 422 3920; x_wconf 88' lang='lat' dir='ltr'><strong>quae</strong></span> <span class='ocrx_word' id='word_1_254' title='bbox 437 3837 616 3904; x_wconf 86' lang='lat' dir='ltr'><strong>Litaviccus</strong></span> <span class='ocrx_word' id='word_1_255' title='bbox 630 3837 896 3922; x_wconf 84' lang='lat' dir='ltr'><strong>pronuntiaverat,</strong></span> <span class='ocrx_word' id='word_1_256' title='bbox 918 3833 1110 3901; x_wconf 92' lang='lat' dir='ltr'><strong>multitudini</strong></span> 
     </span>
    </p>
   </div>
   <div class='ocr_carea' id='block_1_4' title="bbox 0 0 1488 4196">
    <p class='ocr_par' dir='ltr' id='par_1_6' title="bbox 0 0 1488 4196">
     <span class='ocr_line' id='line_1_36' title="bbox 0 0 1488 4196; baseline 0 0"><span class='ocrx_word' id='word_1_257' title='bbox 0 0 1488 4196; x_wconf 95' lang='lat' dir='ltr'><strong> </strong></span> 
     </span>
    </p>
   </div>
  </div>
 </body>
</html>
