2936 4192
400 234 507 289 sonu.
521 235 569 289 1v.
588 236 672 292 cnr.
684 237 895 294 xm-xxrv.
1123 225 1164 290 77

127 404 245 469 Rufum
271 405 411 490 legatum
438 425 509 472 cum
536 427 573 472 eo
596 408 762 495 praesidio,
786 410 869 495 quod
892 411 969 478 satis
992 432 1061 479 osse
1084 413 1161 479 arbi·

127 508 279 591 trabatur,
306 515 431 592 portum
458 515 566 575 tenere
593 511 691 577 iussit.

231 611 353 676 XXIII.
398 613 457 679 His
484 614 661 680 constitutis
687 616 781 682 rebus
808 623 918 682 nactus
945 617 1092 686 idoneam
1122 618 1197 688 adr

128 713 346 799 navigandum
371 721 594 801 tempestatem
620 717 713 784 tertia
739 718 806 785 iere
833 719 943 804 vigilia
965 721 1059 786 solvit
1081 722 1164 806 equi-

127 827 239 902 tesqua
260 818 294 884 in
316 819 494 885 ulteriorem
517 827 641 905 portum
663 821 811 906 progredi
838 827 870 888 et
895 841 995 888 naves
1019 843 1164 890 conscen-

128 921 204 986 dere
234 927 329 988 etse
360 923 449 1006 sequi
478 923 577 989 iussit.
623 925 786 1008 aquibus
816 944 887 990 cum
916 927 1010 1010 paulo
1044 925 1202 996 tardiuss
1297 955 1300 966 ·

129 1030 212 1092 esset
238 1023 501 1110 administratum,
529 1027 597 1111 ipso
624 1027 702 1094 hora
729 1027 851 1094 circiter
873 1027 937 1093 dlei
959 1033 1071 1112 quarta
1093 1047 1163 1094 cum

127 1128 237 1212 primis
259 1128 394 1194 navibus
416 1130 614 1194 Britanniam
636 1131 741 1215 attigit
766 1136 862 1215 atque
888 1130 933 1198 ibi
959 1130 992 1196 in
1019 1131 1163 1198 omnibus

128 1233 260 1299 collibus
302 1233 462 1318 expositas
498 1233 636 1299 hostium
669 1235 776 1320 copias
812 1240 950 1301 armatas
987 1234 1161 1319 conspexit.

128 1337 215 1402 ouius
237 1336 298 1402 loci
321 1335 400 1401 haec
422 1342 489 1401 erat
510 1342 632 1422 natura,
655 1343 752 1421 atque
773 1337 819 1404 ita
840 1337 999 1404 montibus
1029 1343 1201 1421 angustos

127 1459 214 1506 mare
242 1439 469 1522 continebatur,
496 1440 542 1503 uti
572 1459 612 1504 ex
635 1440 712 1506 locIs
735 1441 946 1525 superioribus
969 1441 1002 1506 in
1025 1440 1099 1506 litus
1121 1445 1163 1506 te·

127 1545 192 1607 lum
226 1541 313 1626 adigi
345 1547 460 1626 posset.
506 1542 591 1607 hunc
624 1541 666 1608 ad
700 1542 926 1627 egrediendum
960 1563 1202 1626 naquaquamo

127 1646 276 1711 idoneum
302 1645 404 1709 locum
433 1644 610 1729 arbitratus,
638 1644 713 1710 dum
740 1645 880 1728 reliquae
905 1664 1005 1710 naves
1034 1664 1071 1711 eo
1094 1664 1162 1710 con-

128 1749 282 1833 venirent,
306 1747 348 1812 ad
363 1747 472 1814 horam
487 1768 604 1813 nonam
618 1748 652 1812 in
666 1748 790 1814 ancoris
806 1747 1012 1832 exspectavit.
1036 1746 1162 1812 interim
1180 1767 1201 1814 a

127 1850 459 1936 legatis'tribunisque
481 1851 615 1916 militum
638 1850 827 1935 convocatis,
851 1855 883 1914 et
905 1869 986 1932 quae
1009 1869 1050 1916 ex
1072 1849 1162 1916 Volu-

128 1975 205 2020 seno
232 1959 400 2038 cognosset
426 1959 561 2036 atquae
587 1953 656 2018 fieri
678 1953 784 2036 vellet,
807 1951 946 2019 ostendit
967 1952 1160 2036 monuitque,

128 2065 163 2123 ut
184 2058 231 2122 rei
252 2057 395 2121 militaris
417 2056 506 2142 ratio,
530 2057 669 2120 maxime
690 2060 727 2119 ut
748 2055 923 2121 maritimae
950 2075 1001 2122 res
1027 2055 1162 2140 postula-

127 2167 207 2244 rent,
230 2165 266 2224 ut
288 2179 368 2242 quae
391 2159 526 2225 celerem
544 2165 639 2242 atque
661 2158 841 2224 instabilem
864 2164 983 2224 motum
998 2158 1161 2236 haberent,

127 2263 170 2329 ad
192 2269 302 2328 nutum
326 2267 358 2326 et
379 2261 420 2326 ad
442 2268 566 2346 tempus
589 2281 698 2328 omnes
720 2279 771 2327 res
793 2263 833 2327 ab
857 2261 896 2328 iis
911 2261 1162 2328 administraren-

127 2375 186 2432 tur.
218 2366 268 2445 his
290 2365 427 2430 dimissis
451 2371 482 2429 et
497 2371 627 2429 ventum
650 2371 682 2430 et
703 2370 825 2430 aestum
848 2385 910 2432 uno
930 2371 1070 2451 tompore
1091 2383 1200 2433 naca

128 2477 178 2537 tus
202 2467 383 2552 secundum,
408 2467 481 2532 dato
504 2469 594 2550 signo
617 2474 649 2532 et
671 2468 803 2533 sublatis
825 2469 949 2535 ancoris
965 2468 1086 2534 clrciter
1108 2469 1162 2533 mi-

127 2575 171 2639 lia
200 2593 351 2658 passuum
381 2578 503 2656 septem
532 2571 573 2635 ab
604 2590 642 2635 eo
672 2571 740 2636 loco
769 2591 963 2656 progressus,
993 2577 1102 2654 aperto
1123 2591 1162 2635 ac

127 2679 223 2762 plano
245 2677 336 2740 litora
358 2693 457 2739 naves
480 2673 648 2738 constituit.

230 2779 349 2844 XXIV.
394 2777 437 2841 At
469 2777 596 2842 barbari
629 2776 757 2842 consilio
791 2777 1002 2842 Romanorum
1036 2774 1194 2858 cognitor

127 2883 298 2968 praemisso
323 2881 463 2965 equitatu
486 2888 518 2945 et
540 2879 717 2963 essedariis
746 2899 806 2963 quo
834 2880 1017 2963 plerumque
1045 2897 1161 2960 genere

126 2987 160 3051 in
190 2985 317 3070 proeliis
346 2985 393 3049 uti
423 2989 621 3067 consuerunt,
651 2983 779 3066 reliquis
808 2982 906 3066 copiis
929 2981 1087 3048 subsecuti
1109 3002 1161 3047 no-

127 3095 208 3154 stros
235 3087 369 3154 navibus
401 3085 508 3170 egredi
535 3086 754 3170 prohibebant.
801 3091 868 3150 erat
895 3085 935 3150 ob
962 3084 1021 3150 lias
1049 3104 1199 3152 causasa

128 3212 251 3257 summa
272 3189 451 3274 difficultas,
475 3189 559 3272 quod
580 3207 679 3254 naves
694 3193 821 3272 propter
836 3187 1086 3272 magnitudinem
1100 3187 1162 3253 nisi

128 3295 161 3359 in
189 3295 253 3360 alto
284 3295 430 3360 constitui
460 3313 524 3358 non
553 3298 707 3377 poterant,
737 3291 888 3356 militibus
918 3297 1023 3356 autem
1045 3292 1161 3376 ignotis

129 3398 213 3482 locIs,
236 3396 397 3482 impeditis
419 3397 574 3479 manibus,
597 3415 713 3480 magno
737 3400 768 3459 et
790 3395 881 3478 gravi
896 3415 990 3460 onere
1005 3415 1161 3460 armorum

130 3501 296 3587 oppressis,
313 3501 406 3566 simul
421 3506 452 3564 et
467 3499 507 3564 de
522 3500 657 3565 navibus
673 3498 882 3582 desiliendum
906 3505 937 3564 et
958 3499 991 3564 in
1014 3498 1160 3564 fluctibus

130 3603 363 3670 consistendum
386 3609 418 3668 et
440 3621 510 3667 oum
532 3602 674 3668 hostibus
697 3608 764 3667 erat
785 3601 1000 3686 pugnandum,
1024 3597 1198 3667 oum'illia

130 3714 183 3772 aut
211 3709 251 3772 ex'
279 3705 366 3772 arido
393 3712 448 3771 aut
474 3706 602 3789 paulum
628 3705 661 3769 in
688 3725 804 3789 aquam
829 3705 988 3788 progressi
1015 3703 1160 3768 omnibus

132 3811 279 3877 membris
302 3809 468 3894 expeditis,
491 3809 661 3874 notissimis
684 3808 761 3874 locis
783 3807 933 3873 audacter
955 3807 1020 3871 tela
1042 3805 1160 3870 conice·
