2966 4196
291 241 397 297 comm
410 243 458 297 IV.
477 239 559 298 CAP.
572 243 734 299 XXXVIII.
753 244 860 300 COMM.
873 245 908 301 V.
926 241 1121 300 CARI-111.
1181 231 1222 295 ὃὸ

195 414 307 480 milites
328 413 462 498 imperat
484 421 665 498 certumque
686 415 719 480 in
739 416 840 481 locum
857 418 1024 484 convenire
1040 418 1135 484 iubet.
1159 439 1254 502 quar

193 536 226 582 re
254 516 400 581 nuntiata
420 517 563 582 Pirustae
593 517 714 601 legatos
735 518 777 583 ad
800 539 872 584 eum
894 519 1030 604 mittunt,
1058 520 1111 603 qui
1134 520 1223 586 doee-

191 625 256 703 ant,
278 618 357 684 nihil
380 639 487 684 earum
508 639 612 685 rerum
634 620 760 704 publico
783 621 900 687 lactum
923 622 1061 706 consilio,
1090 642 1222 706 seseque

193 729 318 807 paratos
340 742 411 792 esse
433 721 649 789 demonstrant
670 724 816 791 omnibus
837 725 1010 792 rationibus
1040 725 1080 790 de
1102 725 1222 792 iniuriis

192 825 383 892 satisfacere.
417 834 568 911 percepta
590 827 731 892 oratione
753 847 859 893 eorum
883 828 999 894 Caesar
1020 827 1146 894 obsides
1169 829 1254 896 ime

191 935 281 1014 perat
314 949 430 1013 eosque
462 929 504 994 ad
538 936 655 995 certam
688 930 772 996 diem
804 930 919 995 adduci
951 930 1052 1016 iubet;
1085 931 1146 996 nisi
1177 931 1222 996 ite

191 1031 333 1116 fecerint,
364 1052 434 1098 sese
464 1033 546 1098 bello
578 1032 737 1098 civitatem
759 1039 995 1118 persecuturum
1017 1032 1219 1099 demonstrat.

190 1135 230 1202 ils
251 1135 294 1200 ad
316 1135 400 1200 diem
421 1135 576 1220 adductis,
599 1141 635 1200 ut
656 1136 875 1221 imperaverat,
898 1136 1031 1202 arbitros
1052 1137 1134 1201 Inter
1149 1135 1254 1226 ciui-e

191 1243 272 1304 tates
295 1237 359 1323 dat,
382 1240 436 1323 qui
457 1239 545 1304 litem
568 1239 736 1306 aestiment
758 1259 954 1325 poenamque
977 1239 1175 1306 constituant.

293 1343 335 1407 II.
370 1342 428 1409 HIs
451 1343 602 1408 confectis
623 1343 717 1409 rebus
740 1343 1008 1428 conventibusque
1029 1343 1165 1430 peractis
1187 1342 1253 1412 lnr

191 1445 365 1511 citeriorem
395 1445 529 1512 Galliam
559 1447 725 1512 revertitur
753 1454 848 1531 atque
877 1447 952 1513 inde
980 1447 1022 1513 ad
1048 1447 1220 1513 exercitum

190 1548 403 1634 proficiscitur.
438 1568 475 1614 eo
499 1569 570 1614 cum
592 1550 740 1635 venisset,
764 1550 932 1616 circumitis
954 1551 1098 1616 omnibus
1120 1549 1252 1618 hiber-a

189 1651 239 1716 nis
269 1652 420 1736 singulari
449 1653 582 1718 militum
612 1653 714 1718 studio
743 1653 776 1718 in
805 1673 928 1719 summa
956 1653 1095 1719 omnium
1116 1671 1219 1718 rerum

189 1754 297 1839 inopia
326 1755 448 1821 circiter
476 1761 643 1822 sexcentas
673 1756 740 1821 eius
768 1757 903 1840 generIs,
935 1757 1022 1822 cuius
1048 1775 1143 1841 supra
1169 1753 1220 1820 de·

189 1859 442 1943 monstravimus,
463 1879 562 1925 naves
579 1864 610 1924 et
624 1859 736 1943 longas
750 1859 891 1924 XXVIII
906 1857 1028 1924 invenit
1042 1858 1218 1942 instructas,

188 1979 291 2044 neque
313 1961 446 2026 multum
467 1961 581 2027 abesse
602 1961 643 2026 ab
668 1981 714 2045 eo,
738 1961 812 2044 quin
835 1961 945 2045 paucis
967 1959 1079 2026 dlebus
1107 1958 1219 2026 deduci

188 2063 318 2147 possint.
350 2063 532 2129 collaudatIs
554 2064 705 2130 militibus
727 2069 822 2148 atque
843 2064 892 2149 ils,
915 2063 969 2147 qui
990 2063 1116 2148 negotio
1132 2082 1251 2148 prae-e

188 2165 322 2248 fuerant,
345 2166 421 2249 quid
442 2165 510 2232 lieri
524 2167 609 2250 velit,
625 2166 762 2232 ostendit
784 2173 879 2251 atque
901 2185 1010 2233 omnes
1032 2165 1074 2231 ad
1095 2173 1218 2252 portum

187 2269 282 2334 Itium
305 2269 473 2335 convenire
495 2270 592 2354 iubet,
616 2290 677 2354 quo
700 2291 741 2336 ex
763 2277 855 2356 portu
878 2270 1163 2337 commodissimum
1185 2269 1217 2334 ln

187 2371 382 2438 BritannIam
411 2373 575 2438 traiectum
606 2393 675 2439 esse
709 2380 908 2459 cognoverat,
943 2375 1065 2440 circiter
1098 2372 1217 2440 milium

186 2495 337 2560 passuum
365 2476 461 2541 XXX
489 2497 510 2541 a
539 2477 725 2542 continenti:
759 2477 833 2542 huic
862 2478 908 2543 rei
937 2477 1020 2561 quod
1048 2478 1126 2544 satis
1149 2495 1217 2542 esse

186 2578 289 2644 visum
312 2584 360 2645 est
381 2579 524 2664 militum,
547 2580 680 2663 reliquit.
726 2581 795 2665 ipse
818 2600 889 2646 cum
918 2581 1094 2664 legionibus
1124 2598 1251 2665 expe-t

185 2680 260 2746 ditis
288 2682 335 2747 IV
357 2689 388 2748 et
418 2683 575 2766 equitibus
603 2683 713 2750 Doce
743 2683 776 2748 in
805 2682 885 2749 fines
914 2683 1119 2748 Treverorum
1149 2701 1216 2766 pro·

186 2783 344 2868 ficiscitur,
376 2785 459 2869 qued
488 2785 653 2870 hincque
682 2784 724 2850 ad
754 2785 885 2852 concilia
914 2784 1085 2850 veniebant
1113 2803 1216 2867 neque

185 2886 316 2971 imperio
338 2889 492 2972 parebant
514 2888 748 2972 Germanosque
769 2887 1027 2954 Transrhenanos
1049 2886 1216 2953 sollicitare

185 2989 381 3056 dicebantur.

287 3095 345 3159 III.
391 3096 478 3160 Haeo
508 3095 619 3160 civitas
649 3095 743 3178 longe
773 3094 940 3179 plurimum
970 3094 1064 3160 totius
1094 3093 1247 3163 Galliaet

184 3195 326 3278 equitatu
339 3198 425 3262 valet
443 3218 637 3281 magnasque
652 3197 748 3262 habet
765 3197 870 3283 copias
885 3196 1035 3280 peditum,
1058 3196 1214 3262 Rhenum-

184 3319 255 3382 que,
284 3306 319 3364 ut
349 3320 443 3385 supra
472 3299 765 3384 demonstravimus,
796 3300 907 3383 tangit.
952 3299 985 3364 in
1020 3297 1058 3365 e'a
1088 3301 1247 3369 civitatee

184 3401 246 3468 duo
276 3403 316 3467 de
345 3404 522 3488 principatu
551 3404 688 3469 interae
712 3403 952 3485 contendebant,
983 3402 1213 3470 Indutiomarus

184 3511 216 3570 et
239 3506 435 3592 Cingetorix;
467 3527 484 3572 e
515 3497 627 3588 quibus
657 3507 744 3590 alter,
775 3506 984 3590 simulatque
1007 3505 1047 3570 de
1070 3506 1246 3576 Caesarise

183 3607 405 3692 legionumque
434 3607 575 3674 adventu
605 3609 765 3692 cognitum
795 3616 851 3693 est,
882 3608 924 3674 ad
954 3629 1025 3674 eum
1052 3608 1148 3690 venit,
1178 3599 1212 3672 ee

184 3730 318 3794 suosque
348 3732 457 3777 omnes
486 3712 518 3776 in
549 3711 651 3777 officio
673 3711 792 3777 futuros
814 3731 917 3794 neque
939 3712 980 3776 ab
1002 3710 1140 3774 amicitia
1162 3731 1212 3793 po-

184 3815 249 3898 puli
271 3816 405 3880 Romani
427 3815 604 3881 defeeturos
627 3815 831 3895 confirmavit,
856 3834 997 3897 quaeque
1019 3815 1052 3877 in
1067 3814 1212 3880 ‘beverle
