2960 4192
253 183 255 188 ’
275 173 338 238 208
606 191 657 246 DE
674 191 790 247 untho
808 192 969 249 GALLICO

242 385 257 433 a
275 383 342 430 rem
363 364 503 447 undique
525 365 613 430 iubet
635 365 752 431 tollere.
784 385 845 448 quo
868 365 951 431 iacto
973 366 1129 451 perterriti
1145 365 1305 452 oppidani,

276 488 357 552 eum,
389 467 464 550 quid
493 475 640 552 ageretur
668 469 702 534 in
731 469 808 534 loeis
841 469 978 553 reliquis
1014 475 1121 535 essent
1151 470 1306 554 suspensi,

275 577 425 637 revocant
447 573 487 636 ab
510 571 735 656 impugnandis
758 573 905 657 operibus
927 578 1063 638 armatos
1093 572 1126 637 iu
1149 573 1307 655 murisque

242 673 455 759 adisponunt.
500 675 545 739 ita
571 675 670 741 nostri
699 675 763 740 fine
792 676 901 760 proelii
928 676 1011 740 facto
1040 677 1181 741 celeriter
1212 696 1308 761 opera

275 776 404 842 flamma
433 777 659 862 comprehensa
688 779 803 864 partim
831 779 1040 864 restinguunt,
1070 780 1186 864 partim
1214 779 1308 844 inter-

242 880 432 950 escindunt.
478 900 549 946 cum
571 881 773 966 pertinaciter
794 881 977 947 resisterent
999 881 1159 967 oppidani,
1190 903 1306 966 magna

276 983 371 1049 etiam
392 989 482 1068 parte
504 983 621 1048 amissa
643 983 695 1049 siti
714 977 840 1050 suorum
855 985 888 1049 in
904 985 1061 1050 sententia
1075 991 1306 1070 permanerent,

276 1084 317 1152 ad
339 1093 531 1171 postremum
554 1087 706 1152 cuniculis
728 1107 831 1152 venae
853 1087 949 1153 fontis
971 1087 1139 1153 intercisae
1169 1094 1242 1153 sunt
1263 1093 1307 1151 at-

243 1209 339 1272 sque
360 1208 501 1255 aversae.
547 1207 608 1271 quo
630 1189 715 1254 facto
744 1197 875 1275 repente
905 1190 1053 1275 perennis
1083 1190 1206 1255 exaruit
1235 1190 1307 1254 fons

276 1296 459 1374 tantamque
481 1291 585 1356 attulit
607 1291 774 1378 oppidanis
796 1293 906 1368 salutis
932 1293 1194 1378 desperationem,
1217 1299 1252 1358 ut
1273 1292 1307 1357 id

276 1415 339 1459 non
361 1394 524 1460 hominum
547 1396 686 1480 oonsilio,
710 1395 767 1461 sed
788 1395 919 1462 deorum
934 1397 1096 1462 voluntate
1118 1396 1237 1462 iactum
1253 1417 1307 1481 pu-

277 1504 387 1564 tarent.
433 1498 539 1582 itaque
562 1517 596 1564 se
617 1500 806 1565 necessitate
829 1499 928 1566 eoacti
950 1499 1154 1565 tradiderunt.

245 1624 257 1670 1
378 1601 492 1668 XLIV.
525 1602 651 1687 Caesar,
675 1623 746 1668 eum
768 1623 857 1668 suam
879 1603 1041 1668 lenitatem
1064 1603 1222 1687 cognitam
1242 1598 1307 1668 vom-

276 1704 370 1770 nibus
391 1705 485 1770 sciret
506 1725 610 1788 neque
624 1711 793 1790 vereretur,
816 1705 948 1788 nequid
971 1694 1154 1771 crudelitate
1176 1711 1307 1770 naturae

201 1826 203 1831 ·
276 1807 436 1873 videretur
472 1808 615 1892 asperius
651 1807 783 1894 fecisse,
818 1828 921 1890 neque
954 1809 1075 1874 exitum
1109 1808 1305 1874 consiliorum

277 1931 403 1978 suorum
425 1911 699 1995 animadverteret,
730 1910 758 1977 si
785 1911 840 1976 tali
869 1911 990 1976 ratione
1020 1911 1153 1977 diversis
1176 1912 1209 1975 in
1231 1911 1307 1975 locis

276 2016 383 2099 plures
413 2015 543 2080 consilia
571 2014 714 2099 inissent,
746 2015 891 2100 exemplo
925 2015 1070 2100 supplicii
1103 2013 1307 2080 deterrendos

276 2119 412 2201 reliquos
435 2118 638 2183 existimavit.
666 2117 773 2200 itaque
796 2118 951 2203 omnibus,
976 2119 1029 2201 qui
1051 2139 1139 2183 arma
1160 2117 1306 2201 tulerant,

276 2242 389 2287 manus
411 2220 565 2306 praecidit
586 2221 747 2304 vitamque
770 2222 933 2306 concessit,
964 2241 1026 2304 quo
1051 2221 1194 2287 testatior
1223 2227 1308 2286 esset

243 2346 258 2394 a
276 2343 380 2409 poena
394 2324 614 2409 improborum.
631 2325 786 2409 Drappes,
804 2344 896 2408 quem
912 2331 1038 2410 captum
1054 2344 1124 2390 esse
1139 2345 1159 2390 a
1174 2324 1307 2392 Caninio

277 2426 379 2509 docui,
402 2427 470 2492 sive
491 2426 680 2511 indignitate
703 2433 735 2492 et
760 2427 867 2494 dolore
889 2428 1084 2494 vinculorum
1106 2428 1175 2494 sive
1196 2429 1308 2494 timore

276 2530 429 2615 gravioris
455 2531 601 2616 supplicii
622 2531 732 2616 paucis
754 2530 866 2599 diebus
889 2531 958 2598 cibo
981 2551 1016 2598 se
1037 2522 1198 2597 abstinuit
1212 2539 1308 2615 atque

242 2654 258 2702 e
276 2634 322 2698 ita
336 2633 463 2698 interiit.
488 2632 600 2699 eodem
614 2640 755 2718 tempore
770 2634 943 2719 Lucterius,
965 2655 1058 2718 quem
1073 2634 1250 2720 profugisse
1266 2655 1307 2700 ex

276 2737 394 2822 proelio
424 2737 545 2822 scripsi,
580 2756 651 2802 cum
683 2738 717 2801 in
750 2742 938 2822 potestatem
967 2738 1108 2804 venisset
1137 2739 1307 2822 Epasnacti

276 2841 412 2907 Arverni
433 2878 474 2888 —
498 2841 607 2906 crebro
630 2839 714 2905 enim
740 2839 901 2906 mutandis
930 2841 1006 2905 locis
1037 2841 1204 2906 multorum
1232 2839 1309 2906 fidei

277 2963 312 3010 se
334 2943 557 3027 committebat,
582 2941 666 3026 quod
687 2962 843 3025 nusquam
859 2941 976 3007 diutius
990 2943 1059 3008 sine
1073 2942 1212 3027 periculo
1228 2962 1309 3008 com-

276 3053 451 3113 moraturus
473 3045 650 3130 videbatur,
675 3066 746 3112 cum
768 3045 829 3111 sibi
852 3046 995 3112 conscius
1018 3052 1111 3130 esset,
1136 3066 1229 3130 quam
1252 3045 1309 3110 ini-

277 3151 392 3216 micum
422 3149 552 3215 deberet
581 3150 749 3216 Caesarem
777 3149 896 3214 habere
925 3187 968 3197 -
996 3148 1081 3214 hunc
1111 3149 1309 3234 Epasnactus

276 3255 447 3337 Arvernus,
471 3252 678 3320 amicissimus
700 3252 816 3339 populo
838 3253 991 3337 Romano,
1014 3252 1083 3317 sine
1113 3251 1309 3318 dubitatione

277 3356 341 3422 ulla
362 3357 503 3422 vinctum
525 3355 567 3422 ad
590 3357 759 3424 Caesarem
781 3354 922 3422 deduxit.

246 3482 258 3529 1
380 3460 477 3526 XLV.
501 3459 661 3525 Labienus
683 3459 809 3524 interim
831 3459 864 3522 in
886 3459 1033 3524 'treveris
1056 3465 1201 3541 equestre
1222 3479 1310 3544 proe

276 3564 354 3629 lium
376 3563 453 3628 facit
476 3562 649 3629 secundum
672 3562 945 3646 compluribusque
966 3561 1113 3627 Treveris
1135 3562 1309 3627 interiectis

278 3673 310 3731 et
332 3666 507 3750 Germanis,
531 3665 585 3748 qui
607 3665 702 3730 nullis
724 3663 877 3729 adversus
892 3665 1052 3730 Romanos
1074 3663 1194 3728 auxilia
1217 3663 1309 3728 dene-

276 3768 406 3854 gabant,
426 3767 585 3852 principes
600 3786 707 3832 eorum
722 3767 813 3832 vivos
827 3765 942 3850 redigit
956 3766 989 3831 in
1005 3786 1093 3832 suam
1109 3771 1308 3852 potestatem,
