2960 4192
380 244 486 298 coum.
499 245 564 298 VII.
583 244 666 299 OAP.
681 246 982 301 LXXVII—LXXXI.
1137 234 1194 296 181

160 417 265 482 locum
295 423 402 481 teneat
431 423 463 481 et
492 417 623 498 noverit,
655 417 829 500 equitatum
853 438 893 482 ex
917 420 1027 484 castris
1050 418 1141 484 educi
1164 427 1196 485 ct

126 555 129 562 »
159 519 314 602 proelium
337 519 488 584 committi
509 519 605 585 iubet.
648 526 715 585 erat
737 541 778 586 ex
801 521 947 587 omnibus
970 522 1089 604 castris,
1114 543 1230 606 quaer

160 643 318 687 summurn
339 622 478 706 undique
499 623 608 707 iugum
630 625 792 706 tenebant,
815 624 992 709 despectus,
1015 632 1112 709 atque
1134 647 1196 692 om-

160 745 220 790 nes
238 725 353 790 milites
370 727 483 791 intenti
506 747 632 810 pugnae
647 735 834 811 proventum
851 731 1087 814 exspectabant.
1113 731 1195 796 Galli
1213 751 1230 798 o

159 829 244 893 inter
266 829 387 912 equites
410 849 496 894 raros
522 831 701 914 sagittarios
731 831 959 916 expeditosque
988 833 1068 898 levis
1097 854 1196 898 arma-

160 940 251 996 turae
273 932 504 1014 interiecerant,
528 934 581 1014 qui
604 935 669 998 suis
692 934 877 1000 cedentibus
899 935 1017 1000 auxilio
1040 956 1196 1001 succune-

160 1042 233 1099 rent
256 1044 287 1100 et
309 1043 485 1101 nostrorum
507 1037 648 1119 equitum
669 1038 806 1122 impetus
828 1037 1029 1102 sustinerent.
1074 1041 1115 1104 ab
1145 1038 1195 1104 his

161 1139 337 1223 complures
370 1137 411 1203 de
444 1139 614 1222 improviso
645 1141 800 1230 uulnerati
833 1141 952 1225 proelio
986 1141 1193 1207 excedebant.

161 1261 234 1306 cum
257 1260 329 1306 suos
351 1262 460 1325 pugna
482 1243 657 1325 superiores
680 1263 748 1308 esse
769 1243 850 1308 Galli
874 1242 1068 1308 confiderent
1089 1250 1121 1309 et
1143 1265 1229 1312 noc

161 1350 243 1410 atros
269 1344 468 1409 multitudine
497 1345 598 1429 premi
627 1345 781 1427 viderent,
813 1367 854 1410 ex
884 1348 1029 1414 omnibus
1052 1348 1195 1432 partibus

161 1447 248 1528 etii,
272 1447 325 1530 qui
347 1448 573 1514 munitionibus
595 1450 845 1531 continebantur,
869 1450 959 1531 ethi,
982 1451 1036 1533 qui
1051 1450 1092 1514 ad
1107 1451 1195 1515 auxi-

161 1552 239 1614 lium
273 1557 495 1632 convenerant,
531 1552 666 1617 clamore
700 1559 731 1618 et
746 1549 749 1558 ’
763 1553 883 1617 ululatu
914 1573 1040 1618 suorum
1071 1554 1194 1618 animos

161 1654 399 1720 confirmabant.
446 1654 529 1737 quod
550 1655 584 1719 in
608 1661 776 1739 conspectu
799 1656 937 1720 omnium
960 1675 1011 1721 res
1025 1657 1228 1740 gerebaturc

161 1777 265 1839 neque
286 1763 371 1822 recte
393 1778 432 1822 ac
454 1758 585 1842 turpiter
614 1758 732 1823 factum
764 1758 858 1822 celari
882 1765 1015 1843 poterat,
1045 1765 1194 1841 utrosque

160 1867 193 1925 et
215 1860 318 1926 laudis
341 1861 497 1944 cupiditas
520 1869 551 1926 et
573 1861 665 1926 timor
686 1861 880 1946 ignominiae
906 1861 948 1925 ad
970 1861 1118 1926 virtutem
1141 1883 1193 1927 ex-

161 1966 289 2030 citabat.
336 1984 407 2028 cum
436 1985 457 2028 a
486 1963 616 2030 meridie
647 1984 745 2048 prope
767 1963 808 2028 ad
831 1964 905 2029 solis
927 1984 1073 2030 occasum
1096 1965 1227 2033 dubiae

161 2068 292 2132 victoria
314 2073 516 2152 pugnaretur,
541 2067 690 2134 Germani
712 2088 776 2132 una
798 2067 831 2132 in
854 2073 945 2152 parte
961 2068 1109 2134 confertis
1132 2075 1193 2132 tur-

161 2171 221 2234 mis
243 2171 276 2234 in
299 2170 405 2236 hostes
428 2171 580 2255 impetum
603 2171 745 2235 fecerunt
761 2191 877 2254 eosque
891 2172 1106 2257 proprderunt3
1128 2172 1226 2254 qui-r

161 2275 220 2339 bus
242 2273 276 2337 in
297 2273 406 2358 fugam
430 2273 578 2339 coniectis
606 2273 760 2358 sagittarii
791 2275 995 2340 circumventi
1023 2274 1192 2340 interfecti·

160 2396 222 2460 que
245 2381 327 2441 sunt.
350 2377 426 2440 item
442 2397 483 2440 ex
499 2376 628 2459 reliquis
642 2378 785 2461 partibus
808 2378 906 2442 nostri
929 2377 1076 2443 cedentes
1091 2397 1224 2461 usques
1289 2380 1292 2388 ’

159 2479 202 2544 ad
225 2485 328 2544 castra
349 2479 482 2544 insecuti
505 2479 553 2544 sui
569 2479 736 2564 colligendi
751 2480 933 2546 facultatem
948 2500 1011 2545 non
1026 2480 1189 2546 dederunt.

159 2583 247 2664 atii,
272 2582 325 2664 qui
346 2583 387 2648 ab
411 2583 518 2647 Alesia
540 2588 767 2666 processerant,
798 2583 911 2648 maesti
940 2603 1037 2666 prope
1060 2582 1224 2650 victorias

159 2686 327 2770 desperata
349 2704 383 2750 se
406 2684 438 2749 in
461 2683 612 2769 oppidum
634 2691 828 2769 receperunt.

262 2789 410 2853 LXXXI.
448 2789 519 2854 Uno
543 2787 594 2854 die
616 2787 794 2853 intermisso
817 2787 899 2852 Galli
921 2793 1017 2868 atque
1039 2786 1100 2852 hoc
1122 2806 1221 2870 spa-r

159 2893 202 2957 tio
225 2912 340 2976 magno
356 2892 497 2971 cratium,
513 2891 678 2972 scalarum,
698 2891 916 2974 harpagonum
931 2909 1061 2954 numero
1077 2889 1189 2955 effecto

160 2995 265 3061 media
296 3002 388 3060 nocte
421 2994 545 3059 silentio
576 3013 617 3058 ex
647 2993 757 3058 castris
787 2992 905 3076 egressi
934 2992 976 3056 ad
999 2999 1190 3076 campestres

159 3097 349 3163 munitiones
370 3096 534 3162 accedunt.
569 3095 672 3161 subito
696 3096 830 3161 clamore
853 3095 986 3176 sublato,
1011 3115 1073 3177 qua
1096 3095 1223 3178 signi-a

158 3201 314 3283 ficatione,
345 3201 398 3284 qui
428 3199 461 3264 in
489 3198 604 3283 oppido
634 3198 868 3280 obsidebantur,
899 3197 939 3262 de
966 3218 1022 3263 suo
1049 3197 1190 3263 adventu

158 3323 347 3390 cognoscere
369 3309 508 3388 possent,
532 3308 633 3366 crates
655 3301 805 3386 proicere,
835 3300 953 3382 fundis,
984 3300 1117 3386 sagittis
1148 3301 1190 3366 la·

158 3409 285 3494 pidibus
307 3413 430 3472 nostros
453 3405 493 3470 de
515 3405 598 3472 vallo
620 3405 804 3488 proturbare
825 3404 1018 3486 reliquaque,
1043 3425 1125 3487 quae
1147 3403 1189 3466 ad

158 3511 425 3596 oppugnationem
454 3508 622 3593 pertinent,
656 3513 770 3592 parant
802 3506 1031 3572 administrare.
1078 3505 1223 3572 cedema

157 3621 298 3698 tempore
321 3609 458 3678 clamore‘
479 3610 628 3676 exaudito
649 3609 706 3674 dat
727 3612 804 3675 tuba
826 3610 952 3694 signum
975 3610 1040 3675 suis
1062 3608 1189 3674 Vercin-

156 3717 283 3802 getorix
305 3722 401 3800 atque
424 3735 465 3780 ex
487 3713 602 3798 oppido
625 3712 738 3779 educit.
783 3712 891 3794 nostri,
921 3719 956 3778 ut
978 3711 1220 3796 superioribusr

157 3819 270 3886 diebus
293 3819 406 3903 cuique
428 3823 495 3882 erat
525 3817 610 3882 locus
640 3816 818 3897 attributus,
848 3814 890 3880 ad
921 3815 1110 3880 munitiones
1139 3834 1188 3879 ac-
