2936 4192
256 269 298 332 20
591 285 640 339 DE
657 284 772 338 BELLO
791 284 952 340 GALLICO

164 443 166 448 Α
255 457 417 538 Sequanos
438 456 655 540 intellegebat;
679 456 761 538 quod
783 457 816 520 in
838 463 926 521 tanto
948 457 1078 541 imperio
1101 457 1209 541 populi
1224 457 1282 522 Ro

255 560 340 623 mani
367 559 577 642 turpissimum
605 558 666 623 sibi
692 565 724 623 et
749 557 939 642 reipublicae
967 578 1036 624 esse
1061 559 1281 624 arbitrabatur.

220 681 237 728 a
258 661 408 746 paulatim
430 671 534 725 autem
557 661 729 726 Germanos
756 679 957 726 consuescere
978 661 1123 727 Rhenum
1149 662 1285 727 transire

255 763 341 828 etin
364 763 498 829 Galliam
525 784 674 846 magnam
701 782 807 828 eorum
833 762 1062 829 multitudinem
1085 764 1202 848 venire,
1230 783 1279 849 po·

221 866 328 949 epulo
354 867 495 930 Romano
521 865 727 950 periculosum
754 864 891 948 videbat,
921 885 1024 948 neque
1053 866 1120 932 sibi*
1138 866 1283 932 homines

253 969 336 1034 feros
361 988 399 1032 ac
425 968 575 1033 barbaros
601 975 827 1052 temperaturos
853 968 1064 1052 existimabat,
1095 969 1179 1052 quin,
1210 989 1281 1035 oum

254 1092 378 1137 omnem
402 1071 535 1137 Galliam
562 1072 808 1155 occupavissent,
835 1077 969 1136 utente
997 1072 1115 1138 Cimbri
1136 1073 1279 1138 Teutoni·

254 1195 315 1257 que
330 1174 487 1257 fecissent,
506 1172 538 1238 in
554 1173 748 1258 provinciam
767 1173 890 1249 exhort
907 1181 1002 1256 atque
1021 1163 1142 1239 inde'in
1156 1175 1280 1240 Italiam

254 1275 486 1358 contenderent,
507 1275 690 1360 praesertim
705 1295 775 1340 cum
790 1276 952 1358 Sequanos
966 1298 986 1342 a
1000 1277 1161 1362 provincia
1175 1287 1280 1344 nostra

253 1379 425 1444 Rhodanus
452 1377 619 1462 divideret;
648 1378 760 1460 quihus
786 1379 880 1445 rebus
907 1399 1000 1461 quam
1026 1381 1206 1448 maturrime
1232 1401 1281 1448 oc-

220 1481 440 1550 sourrendum
466 1481 606 1564 putabat.
656 1481 724 1566 ipse
752 1488 857 1546 autem
884 1481 1058 1548 Ariovistus
1086 1489 1191 1549 tantos
1219 1484 1279 1550 sibi

254 1585 388 1668 spiritus,
411 1590 531 1648 tantam
552 1583 763 1667 arrogantiam
785 1593 968 1669 sumpserat,
991 1594 1025 1650 ut
1047 1585 1194 1652 ferendus
1215 1607 1279 1653 non

253 1687 419 1752 videretur.
634 1759 637 1765 ,

221 1813 233 1858 1
356 1789 506 1854 XXXIV.
530 1787 740 1866 Quamobrem
762 1790 878 1874 placuit
901 1791 939 1875 ei,
966 1797 1001 1856 ut
1026 1791 1068 1856 ed
1088 1793 1279 1860 Ariovistum
1306 1825 1308 1831 ·

252 1895 373 1977 legatos
387 1892 534 1976 mitteret,
554 1892 607 1975 qui
626 1892 668 1957 ab
688 1913 724 1957 eo
743 1893 945 1978 postularent,
965 1893 1011 1957 uti
1025 1893 1161 1976 aliquem
1176 1896 1278 1962 locum

253 1995 389 2060 medium
417 1993 577 2076 utriusque
603 1994 754 2076 colloquio
781 1994 946 2078 deligeret:
974 1997 1055 2061 velle
1081 2017 1151 2064 sese
1178 1997 1218 2064 de
1243 2019 1279 2064 re
1324 2012 1328 2019 ‘

219 2097 379 2182 apuhlioa
408 2103 439 2160 et
468 2095 597 2160 summis
627 2096 784 2177 utriusque
813 2097 906 2162 rebus
936 2118 1006 2163 oum
1033 2119 1069 2164 eo
1095 2120 1199 2184 agere.
1248 2102 1278 2167 ei

252 2197 401 2281 legationi
415 2197 589 2267 Ariovistus
606 2198 780 2282 respondit:
801 2198 918 2282 siquid
937 2200 997 2286 ipsi
1011 2223 1031 2265 a
1046 2203 1180 2269 Caesare
1199 2223 1279 2289 opus

253 2309 345 2385 esset,
368 2319 437 2365 seso
455 2299 498 2363 ad
517 2318 587 2364 eum
607 2307 772 2366 ventmum
793 2301 904 2387 luisse3
927 2303 953 2369 si
973 2303 1048 2386 quid
1066 2305 1118 2370 ille
1137 2325 1172 2372 se
1191 2307 1277 2391 velit,

219 2405 339 2473 sillum
367 2403 470 2468 adse
496 2402 604 2467 venire
629 2409 779 2487 oportere.
829 2412 991 2488 praeterea
1019 2426 1054 2472 se
1080 2428 1183 2490 neque
1208 2409 1278 2476 sinc
1304 2428 1306 2433 ’

253 2506 391 2571 exercitu
410 2505 443 2570 in
462 2524 518 2570 eas
535 2512 641 2589 partes
656 2506 777 2572 Galliae
792 2507 900 2572 venire
919 2507 1045 2594 audere,
1068 2530 1146 2592 quas
1162 2511 1274 2578 Caesar
1346 2585 1348 2590 ,

251 2609 433 2695 possideret,
456 2627 559 2691 neque
581 2608 753 2674 exercitum
775 2609 843 2676 sine
862 2631 977 2696 magno
993 2619 1167 2678 commeatu
1181 2619 1277 2697 atque
1316 2639 1320 2648 ·

217 2713 430 2781 tmolimento
452 2711 485 2776 in
507 2731 604 2776 unum
626 2712 728 2777 locum
750 2713 932 2780 contrahere
953 2734 1054 2800 posse.
1092 2715 1152 2781 sihi
1171 2723 1275 2783 autem

123 2855 125 2858 -
251 2815 363 2879 mirum
389 2813 498 2896 videri,
530 2813 605 2895 quid
631 2814 664 2878 in
690 2834 747 2880 sua
769 2815 880 2898 Gallia,
911 2837 1005 2898 quam
1030 2817 1112 2883 bello
1139 2819 1276 2902 vicisset,

250 2923 305 2982 aut
328 2916 454 2981 Caesari
475 2922 530 2980 aut
550 2916 676 2981 omnino
698 2918 812 3002 populo
834 2919 975 2984 Romano
997 2921 1115 3008 negotii
1137 2928 1227 2986 esset.

219 3044 230 3088 1
352 3019 485 3083 XXXV.
509 3018 567 3082 His
588 3019 746 3102 responsis
767 3018 809 3084 ad
832 3020 998 3086 Caesarem
1021 3023 1136 3107 relatis,
1163 3024 1274 3090 iterum

217 3143 232 3189 a
250 3121 292 3186 ad
311 3141 382 3186 eum
398 3121 513 3186 Caesar
532 3121 653 3203 legatos
672 3141 742 3186 oum
757 3121 806 3188 his
825 3123 981 3190 mandatis
999 3125 1106 3190 mittit:
1128 3127 1272 3208 quoniam

250 3218 337 3289 tanto
364 3243 419 3288 suo
445 3223 613 3308 populique
638 3225 773 3290 Romani
798 3225 950 3292 beneficio
976 3228 1116 3312 affectus,
1144 3249 1214 3294 cum
1241 3230 1274 3294 in

250 3327 411 3392 consulatu
430 3345 485 3392 suo
503 3346 560 3391 rex
579 3333 673 3409 atque
691 3327 810 3393 amicus
824 3349 844 3392 a
859 3337 969 3394 senatu
987 3331 1163 3416 appellatus
1181 3340 1275 3414 essct,
1313 3405 1315 3408 ¹

250 3429 331 3493 hanc
354 3429 413 3493 sibi
436 3429 610 3514 populoque
624 3431 765 3494 Romano
787 3430 921 3514 gratiam
942 3432 1080 3516 referret,
1104 3433 1193 3498 utin
1215 3435 1272 3499 col-

250 3531 386 3612 loquium
410 3532 516 3596 venire
542 3531 690 3596 invitatus
716 3539 898 3616 moveretur
924 3553 1025 3616 neque
1052 3534 1091 3599 de
1118 3537 1275 3601 communi.

249 3653 283 3698 re
310 3633 477 3710 dicendum
503 3633 563 3698 sihi
590 3640 621 3696 et
647 3633 897 3716 cognoscendum
923 3642 1055 3720 putaret,
1086 3635 1164 3702 haee
1193 3658 1275 3722 esse,
1361 3641 1363 3644 ’

216 3755 329 3816 aquae
351 3736 392 3800 ab
420 3755 456 3800 eo
478 3735 660 3818 postularet:
687 3735 829 3818 primum,
857 3756 898 3800 ne
924 3757 1017 3818 quam
1043 3739 1272 3803 multitudinem

250 3836 410 3900 hominum
436 3835 570 3918 amplius
592 3842 678 3900 trans
699 3835 843 3899 Rhenum
870 3837 902 3900 in
926 3837 1059 3901 Galliam
1082 3837 1274 3924 traduceret;
