2966 4196
222 195 282 258 148
556 209 606 262 ΒΕ
623 207 739 262 BELIrO
758 207 915 262 GALLICO

218 403 346 449 suasum
374 382 435 450 loci
465 379 707 466 opportunitate,
738 379 792 462 qui
821 399 856 446 se
886 381 954 465 ipse
984 381 1052 446 sine
1081 380 1256 446 munitione

179 485 418 570 cdefenderet3
442 485 582 567 equitum
601 502 677 548 vero
700 503 828 567 operam
851 503 954 565 neque
976 483 1009 548 in
1031 483 1099 548 loco
1122 483 1253 568 palustri

219 588 392 653 desiderari
422 587 570 652 debuisse
600 592 631 651 et
660 587 725 651 illio
746 585 844 652 fuisse
867 587 985 669 utilem,
1017 607 1078 669 qno
1102 587 1165 652 sint
1187 607 1254 670 pro

183 690 304 760 steen.
350 710 504 756 summam
534 689 658 774 imperii
687 709 722 754 se
755 689 895 754 consulto
927 689 1005 753 nulli
1040 688 1254 754 discedentem

218 793 396 877 tradidisse,
423 813 464 858 ne
486 793 514 858 is
537 792 744 858 multitudinis
767 791 870 857 studio
892 791 934 856 ed
964 790 1178 857 dimicandum
1200 793 1255 856 im·

218 897 399 981 pelleretur,
424 896 475 962 cui
496 897 542 961 rei
564 902 692 980 propter
706 895 804 960 animi
818 895 981 959 mollitiem
1004 893 1129 960 studere
1145 914 1255 960 omnes

93 1009 96 1013 '
185 999 352 1082 svideret,
382 998 467 1082 quod
497 998 613 1063 diutius
643 997 784 1062 laborem
813 997 896 1061 ferre
926 1017 989 1062 non
1012 1003 1150 1082 possent.
1196 999 1255 1062 Ro

219 1103 304 1167 mani
334 1103 361 1166 si
392 1123 466 1168 casu
496 1100 731 1184 intervenerint,
754 1099 908 1183 fortunae,
933 1101 959 1166 si
980 1095 1114 1166 alicuius
1135 1099 1255 1164 indicio

219 1206 332 1286 vocati,
348 1204 423 1269 huic
437 1203 616 1268 habendam
632 1202 776 1287 gratiam,
793 1202 877 1285 quod
893 1209 924 1268 et
938 1204 1131 1288 paucitatem
1147 1222 1253 1268 eorum

220 1326 261 1372 ex
290 1307 359 1371 loco
388 1306 548 1390 superiore
579 1325 767 1388 cognoscere
791 1311 822 1370 et
843 1306 992 1371 virtutem
1015 1306 1178 1390 despicere
1200 1325 1254 1390 po

219 1409 345 1492 tuerint,
369 1407 422 1491 qui
445 1407 594 1472 dimicare
616 1429 679 1473 non
702 1409 771 1472 ausi
793 1409 925 1492 turpiter
947 1429 982 1474 se
1004 1409 1037 1474 in
1053 1414 1157 1474 castra
1170 1427 1253 1474 rece-

186 1511 332 1595 rperint.
356 1511 520 1595 imperium
544 1531 578 1576 se
600 1511 641 1576 ab
665 1511 800 1576 Caesare
822 1531 879 1596 per
900 1511 1109 1596 proditionem
1132 1512 1252 1576 nullum

219 1613 409 1696 desiderare,
433 1614 517 1698 quod
538 1614 656 1679 habere
678 1615 810 1680 victoria
831 1621 948 1699 posset,
980 1635 1060 1698 quae
1082 1615 1144 1678 iam
1169 1620 1255 1680 esset

218 1717 279 1784 sibi
307 1724 403 1800 atque
432 1717 577 1782 omnibus
607 1717 705 1783 Gallis
736 1718 913 1802 explorata;
944 1718 1019 1800 quin
1050 1718 1145 1783 etiam
1174 1717 1253 1801 ipsis

218 1811 386 1904 remittere,
417 1819 444 1886 si
474 1820 534 1886 sibi
563 1820 665 1904 magis
695 1820 846 1885 honorem
875 1820 1013 1886 tribuere
1035 1839 1130 1904 quam
1152 1819 1194 1884 ab
1217 1839 1253 1885 se

183 1945 200 1991 8
219 1924 351 1989 salutem
373 1923 517 2007 accipere
539 1923 714 1988 videantur.
754 1925 830 1986 haec
852 1932 890 1986 ut
912 1923 1117 2009 intellegatis,
1140 1922 1252 2006 inquit,

183 2047 199 2093 9
219 2049 240 2088 a
262 2048 309 2089 me
331 2027 454 2090 sincere
472 2027 701 2112 pronuntiari,
725 2025 839 2089 cudite
853 2026 1013 2090 Romanos
1032 2026 1160 2088 milites.
1184 2045 1253 2109 pro·

219 2127 306 2193 ducit
337 2147 455 2211 servos,
489 2148 567 2210 quos
600 2128 632 2192 in
666 2128 870 2212 pabulatione
899 2129 1007 2212 paucis
1035 2135 1111 2194 ante
1140 2128 1252 2193 diebus

165 2251 200 2300 ro
219 2236 390 2314 exceperat
412 2235 444 2295 et
465 2229 549 2294 same
564 2230 759 2312 vinculisque
775 2230 1020 2294 excruciaverat.
1043 2231 1077 2296 hi
1091 2231 1155 2296 iam
1169 2235 1252 2296 'ante

219 2333 331 2416 edocti,
365 2353 445 2414 qnae
477 2332 662 2415 interrogati
694 2333 941 2416 pronuntiarent,
971 2334 1086 2400 milites
1115 2355 1151 2400 se
1180 2353 1252 2400 esse

217 2435 406 2519 legionarios
426 2434 550 2520 dicunt;
573 2435 657 2500 fame
680 2442 711 2502 et
733 2435 840 2520 inopia
862 2435 1013 2503 adductos
1036 2439 1116 2502 clam
1139 2458 1179 2502 ex
1202 2457 1251 2502 ca

218 2539 291 2604 stris
313 2539 427 2623 exisse,
451 2539 479 2605 si
502 2538 578 2622 quid
596 2538 745 2605 frumenti
759 2546 814 2604 aut
828 2540 951 2626 pecoris
965 2541 999 2604 in
1013 2543 1099 2626 agris
1112 2541 1252 2626 reperire

168 2664 198 2710 11
218 2646 361 2726 possent;
385 2641 479 2708 simili
501 2662 626 2707 omnem
649 2643 822 2708 exercitum
844 2643 951 2728 inopia
972 2645 1082 2727 premi,
1105 2663 1165 2708 nee
1185 2643 1250 2708 iam

218 2745 301 2810 vires
323 2744 468 2811 sufficere
485 2745 668 2828 cuiusquam
683 2765 743 2811 nec
757 2745 840 2812 ferre
854 2746 958 2830 operis
981 2747 1119 2811 laborem
1141 2767 1250 2831 posse;

217 2850 323 2932 itaque
352 2849 499 2914 statuisse
528 2849 758 2933 imperatorem,
788 2849 816 2914 si
845 2849 923 2914 nihil
953 2848 986 2913 in
1014 2850 1255 2933 oppugnatione

160 2971 199 3020 re
218 2951 326 3036 oppidi
348 2951 564 3036 profecissent,
587 2951 690 3017 tridum
712 2952 884 3018 exercitum
901 2951 1065 3018 deducere.
1096 2953 1181 3030 tuen,
1204 2952 1251 3016 in-

157 3110 164 3120 .
217 3055 294 3138 quit,
324 3077 346 3116 a
373 3076 430 3132 me,
453 3055 703 3139 Vercingetorix,
734 3054 884 3137 hengisto
905 3053 1037 3132 habetis,
1064 3076 1155 3140 quem
1171 3076 1252 3141 pro·

218 3157 353 3220 ditionis
381 3155 600 3238 insimulatis;
627 3158 721 3221 cuius
748 3179 848 3242 opera
876 3158 945 3221 siae
966 3167 1068 3221 oestro
1090 3159 1252 3244 sanquine

217 3269 344 3324 tantum
373 3259 547 3323 coercitum
575 3260 723 3324 victorem
745 3259 841 3345 fame
870 3271 1091 3346 consumptum
1118 3261 1253 3341 videtis,-

217 3383 307 3448 quem
336 3361 481 3446 turpiter
509 3383 541 3426 se
571 3385 610 3426 ecc
632 3363 723 3449 fuya
752 3363 957 3448 recipientem
978 3386 1018 3428 ne
1040 3386 1105 3449 qua
1134 3365 1252 3428 ciuitas

217 3464 288 3527 suis
303 3461 430 3546 finibus
453 3463 602 3548 recipiat,
625 3488 647 3527 a
668 3487 716 3528 me
732 3467 903 3551 provisum
925 3477 979 3530 est.

182 3589 199 3636 1
320 3567 410 3633 XXI.
446 3565 628 3633 Conclamat
651 3569 752 3634 omnis
773 3569 941 3636 multitudo
964 3577 995 3636 et
1017 3591 1073 3636 suo
1096 3591 1181 3636 more
1202 3591 1253 3635 ar—

217 3669 278 3734 mis
301 3675 478 3754 concrepat,
502 3668 586 3752 quod
608 3669 712 3736 facere
734 3671 767 3736 in
791 3692 828 3738 eo
852 3679 1050 3757 consuerunt,
1074 3673 1161 3738 cuius
1183 3693 1252 3738 ora

218 3771 334 3837 tionem
350 3771 541 3857 approbant,
565 3791 720 3838 summum
736 3794 806 3842 esse
820 3775 1110 3861 Vercingetorigem
1124 3775 1251 3858 ducem,
