2966 4196
462 281 570 336 COMM.
584 281 647 334 Vll.
668 280 750 336 CAP.
762 281 907 335 XLv-u.
1141 266 1203 329 163

165 461 394 538 argentumque
416 453 578 518 iactabant
594 462 625 518 et
648 460 775 539 pectore
798 453 882 519 nudo
897 454 1111 538 prominentes
1133 474 1203 538 pas-

166 558 210 623 sis
239 558 386 622 manibus
415 557 653 622 obtestabantur
683 558 851 640 Romanos,
882 563 917 621 ut
947 557 1007 621 sibi
1037 541 1203 640 parcerent

164 681 237 745 neu,
261 661 342 725 sicut
364 659 492 724 Avarici
514 659 674 741 fecissent,
698 679 739 723 ne
762 679 782 722 a
802 659 986 725 mulieribus
1009 658 1137 741 quidem
1158 665 1203 724 at·

164 784 227 847 que
259 763 434 828 infantibus
474 763 683 846 abstinerent3
718 763 888 827 nonnullae
929 761 970 826 de
1013 763 1109 826 muris
1146 782 1236 846 perr
1311 747 1315 758 ⁴

163 886 278 932 manus
307 865 463 930 demissae
497 885 567 930 sese
600 865 750 930 militibus
784 863 960 930 tradebant.
1005 865 1041 928 L.
1073 864 1236 948 Fabiusa

163 969 304 1035 centurio
327 968 460 1053 legionis
483 974 624 1051 octavae,
648 988 741 1050 quem
764 967 846 1031 inter
869 986 942 1032 suos
962 986 999 1032 eo
1015 965 1067 1030 die
1082 966 1202 1031 dixisse
1310 969 1316 972 “

165 1073 340 1156 constabat,
364 1071 497 1136 excitari
519 1091 554 1136 se
569 1070 815 1135 Avaricensibus
838 1069 986 1153 praemiis
1002 1089 1105 1152 neque
1122 1089 1202 1134 com-

164 1175 346 1256 missurum,
376 1180 413 1239 ut
441 1174 529 1259 prius
560 1174 725 1256 quisquam
755 1193 878 1237 murum
911 1171 1107 1253 ascenderet,
1138 1178 1203 1237 tres

164 1298 237 1344 suos
260 1285 372 1343 nactus
394 1277 607 1361 manipulares
628 1283 724 1358 atque
746 1277 786 1341 ab
809 1275 849 1340 iis
872 1276 1055 1341 sublevatus
1078 1296 1202 1340 murum

164 1381 321 1467 aseendit,
354 1379 412 1445 bos
441 1380 512 1465 ipse
533 1399 641 1443 rursus
664 1379 805 1462 singulos
826 1384 1000 1462 exceptans
1022 1379 1055 1442 iu
1078 1400 1203 1444 murum

165 1484 287 1549 extulit.

268 1587 414 1653 XLVHI.
438 1586 570 1651 Interim
592 1585 624 1666 ii,
648 1584 702 1666 qui
723 1583 766 1647 ad
788 1585 920 1648 alteram
943 1591 1065 1667 partem
1081 1583 1232 1668 oppidis

165 1698 199 1756 ut
222 1710 316 1775 supra
338 1687 632 1770 demonstravimus,
656 1687 838 1751 munitionis
861 1705 957 1750 eausa
979 1693 1201 1770 convenerant,

164 1793 265 1878 primo
297 1791 446 1858 exaudito
477 1791 621 1871 elamore,
652 1789 728 1853 iude
752 1789 847 1853 etiam
870 1788 987 1853 crebris
1016 1789 1134 1854 nuntiis
1156 1789 1202 1853 in·

163 1897 262 1978 citati,
287 1894 438 1980 oppidum
460 1915 481 1959 a
506 1893 658 1958 Romanis
687 1891 798 1974 teneri,
833 1891 1013 1976 praemissis
1044 1891 1202 1972 equitibus

164 2019 281 2083 magno
304 2017 397 2064 eursu
419 2016 456 2063 eo
480 1995 716 2062 contenderunt.
741 2014 848 2060 eorum
870 2001 905 2058 ut
928 1994 1059 2077 quisque
1082 1995 1236 2078 primuss

165 2108 307 2185 venerat,
338 2100 396 2166 sub
427 2120 516 2165 muro
547 2099 740 2164 consistebat
769 2117 957 2180 suorumque
990 2098 1200 2180 pugnantium

165 2225 330 2272 numerum
353 2205 499 2287 augebat.
546 2222 677 2285 quorum
700 2221 772 2266 eum
801 2221 919 2284 magna
941 2199 1107 2265 multitudo
1131 2221 1236 2269 con-e

165 2309 314 2392 venisset,
349 2306 614 2390 matresfamiliae,
649 2324 730 2387 quae
759 2305 853 2388 paulo
882 2310 958 2368 ante
979 2303 1130 2369 Romanis
1161 2302 1202 2369 de

165 2432 254 2477 muro
283 2429 397 2476 manus
425 2407 610 2488 tendebant,
641 2427 714 2472 suos
743 2407 892 2471 obtestari
919 2413 951 2472 et
972 2426 1058 2471 more
1081 2406 1202 2472 Gallico

166 2535 295 2600 passum
311 2512 459 2597 capillum
474 2517 633 2576 ostentare
654 2510 832 2590 liberosque
853 2509 887 2572 in
911 2516 1113 2592 conspectum
1135 2530 1203 2593 pro

165 2619 249 2683 ferre
282 2621 460 2700 coeperunt.
507 2619 575 2678 erat
606 2612 757 2678 Romanis
789 2631 848 2676 nec
880 2611 949 2677 loeo
983 2631 1042 2676 nee
1071 2631 1238 2680 numeros

164 2740 270 2803 aequa
299 2717 471 2802 contentio;
502 2716 595 2782 simul
625 2720 656 2780 et
687 2734 778 2779 eursu
808 2719 840 2778 et
870 2714 971 2797 spatio
1001 2733 1129 2798 pugnae
1151 2713 1203 2778 de

165 2823 293 2908 fatigati
323 2842 388 2888 non
417 2820 511 2885 facile
541 2823 686 2883 recentes
715 2823 809 2899 atque
831 2817 970 2898 integros
994 2816 1202 2880 sustinebant.

270 2925 387 2990 XLIX.
434 2924 550 2989 Caesar
573 2941 643 2986 eum
665 2921 773 3002 iniquo
795 2920 862 2984 loco
891 2919 1026 3003 pugnari
1056 2918 1236 2987 hostium-1

165 3049 230 3112 que
259 3027 369 3112 augeri
400 3026 506 3110 copias
535 3023 666 3104 videret,
697 3028 917 3106 praemetuens
946 3022 1011 3086 suis
1033 3020 1075 3086 ad
1096 3022 1202 3086 Titum

165 3131 313 3198 Sextium
334 3131 485 3213 legatum,
510 3148 602 3210 quem
625 3125 797 3190 minoribus
821 3125 930 3189 castris
956 3123 1113 3208 pracsidio
1135 3124 1204 3189 reli·

167 3239 289 3317 querat,
320 3233 414 3315 misit,
445 3237 480 3295 ut
510 3229 652 3295 cobortes
682 3248 723 3292 ex
753 3227 862 3292 castris
893 3228 1035 3292 celeriter
1058 3227 1205 3293 educeret

166 3345 202 3402 -et
225 3338 282 3402 sub
304 3335 412 3399 intimo
435 3334 513 3398 colle
535 3334 576 3398 ab
599 3331 711 3396 dextro
727 3331 823 3395 latere
838 3330 975 3396 bostium
992 3330 1203 3414 constitueret,

170 3447 214 3521 ut,
227 3439 255 3505 si
265 3443 388 3504 nostros
399 3438 466 3502 loeo
478 3435 625 3520 depulsos
637 3435 777 3514 vidisset,
794 3433 970 3516 quominus
984 3434 1083 3498 libere
1098 3432 1205 3498 hostes
1223 3453 1238 3502 s

170 3543 419 3624 insequerentur,
435 3545 574 3604 terreret.
591 3539 659 3622 ipse
670 3539 798 3621 paulum
811 3557 852 3601 ex
865 3557 901 3601 eo
913 3537 981 3601 loco
994 3557 1064 3601 cum
1079 3535 1205 3618 legione
1222 3557 1238 3604 a

172 3664 365 3730 progressus,
389 3642 444 3708 ubi
467 3641 656 3723 constiterat,
681 3647 829 3704 eventum
844 3659 971 3724 pugnae
987 3639 1203 3722 exspectabat.

275 3749 310 3813 L.
358 3747 436 3812 Cum
469 3744 620 3809 acerrime
654 3743 828 3808 comminus
861 3747 1064 3826 pugnaretur,
1098 3740 1235 3810 hostesr

169 3853 239 3916 loco
267 3857 299 3915 et
328 3867 467 3932 numero,
497 3847 595 3911 nostri
624 3846 739 3910 virtute
767 3844 968 3928 confiderent,
999 3844 1102 3910 subito
1133 3852 1207 3910 sunt

1002 3951 1050 3997 11r
