2968 4190
431 288 539 344 comm.
553 275 587 344 v.
605 289 689 344 one.
702 289 972 348 xxix-xxxrv.
1157 277 1216 342 101

184 471 314 528 ventum
337 463 574 546 exspectabant,
605 467 638 527 et
659 482 731 527 cum
753 481 788 528 se
810 464 909 529 maior
930 484 1004 549 pars
1025 465 1163 550 agminis
1184 465 1218 530 in
1239 487 1255 533 a

184 587 333 650 magnam
366 565 540 630 convallem
573 564 761 649 demisisset,
795 585 837 632 ex
867 572 1001 651 utraque
1031 573 1122 653 parte
1152 568 1220 634 eius

184 669 274 734 vallis
304 667 408 734 subito
437 687 472 733 se
502 667 706 734 ostendemnt
735 668 986 754 novissimosque
1015 690 1159 756 premere
1188 677 1221 736 et

183 773 299 858 primos
320 770 488 856 prohibere
509 791 643 836 ascensu
665 778 761 854 atque
782 771 979 856 iniquissimo
1008 774 1123 840 nostris
1152 774 1219 839 loco

183 875 336 961 proelium
359 875 552 944 committere
575 881 754 959 coeperunt.

286 979 439 1043 XXXIII.
484 979 566 1043 Tum
597 975 725 1043 demum
758 977 911 1060 Titurius,
947 978 1000 1062 qui
1033 978 1112 1044 nihil
1144 986 1249 1048 anter

183 1082 380 1168 providisset,
414 1078 572 1166 trepidare
606 1087 637 1145 et
667 1071 853 1147 concursare
883 1081 1088 1165 cohortesque
1117 1081 1219 1166 dispo

183 1205 271 1267 nere,
308 1184 388 1249 haec
424 1191 531 1248 tamen
567 1183 638 1269 ipsa
670 1184 781 1250 timide
814 1190 910 1269 atque
944 1191 979 1250 ut
1012 1205 1084 1251 eum
1113 1185 1219 1251 omnia

181 1287 319 1354 deficere
340 1286 535 1372 viderentur3
567 1286 651 1370 quod
683 1288 867 1372 plemmque
899 1289 939 1354 iis
971 1287 1116 1354 accidere
1148 1308 1218 1354 con-

182 1391 294 1473 suevit,
325 1389 379 1474 qui
408 1389 442 1456 in
471 1389 541 1474 ipso
571 1390 697 1476 negotio
728 1391 892 1457 consilium
920 1411 1032 1476 capere
1055 1397 1216 1477 coguntur.

181 1501 216 1561 at
238 1495 339 1576 Cotta,
354 1493 417 1576 qui
440 1493 618 1578 cogitasset,
641 1493 722 1559 haec
743 1513 836 1579 posse
862 1494 897 1559 in
926 1494 1039 1561 itinere
1061 1493 1216 1576 accidere,
1235 1516 1251 1563 a

180 1605 277 1681 atque
306 1598 346 1662 ob
377 1616 448 1662 eam
478 1616 606 1662 causam
635 1596 838 1682 profectionis
867 1602 976 1662 auctor
1005 1617 1069 1663 non
1096 1597 1216 1679 fuisset,

182 1701 268 1766 nulla
289 1700 323 1764 in
345 1719 379 1764 re
402 1700 559 1766 communi
582 1700 675 1765 saluti
697 1699 805 1766 deerat
828 1706 860 1766 et
888 1699 922 1765 in
944 1694 1141 1785 appellandis
1170 1721 1218 1766 co

182 1803 406 1886 hortandisque
439 1803 591 1869 militibus
624 1803 820 1887 imperatoris
850 1809 882 1868 et
910 1803 944 1867 in
973 1823 1082 1887 pugna
1110 1803 1217 1868 militis

181 1907 287 1974 officia
318 1907 509 1992 praestabat.
555 1924 627 1971 curn
659 1912 786 1990 propter
818 1904 1048 1990 longitudinem
1080 1905 1250 1990 agminisc

182 2011 286 2076 minus
316 2009 410 2075 facile
440 2009 546 2074 omnia
574 2029 632 2094 per
660 2027 695 2074 se
724 2009 811 2074 obire
833 2014 874 2090 et,
906 2007 982 2090 quid
1004 2027 1128 2091 quoqne
1149 2007 1217 2074 loco

182 2111 362 2180 iaciendum
378 2119 470 2193 esset,
493 2111 659 2197 providere
674 2117 813 2196 possent,
832 2111 991 2178 iusserunt
1004 2111 1216 2196 pronuntiare,

183 2225 217 2284 ut
246 2214 473 2302 impedimenta
501 2216 716 2298 relinquerent
736 2221 839 2313 atqpe
868 2215 902 2280 in
932 2216 1041 2282 orbem
1071 2215 1217 2282 consiste

182 2327 260 2387 rent.
306 2317 391 2402 quod
420 2318 584 2384 consilium
615 2319 674 2384 etsi
703 2319 737 2382 in
767 2316 921 2385 eiusmodi
951 2338 1025 2384 casn
1051 2318 1250 2404 reprobem-4

181 2422 321 2490 dendum
353 2442 417 2487 non
451 2427 507 2504 est,
541 2428 649 2487 tamen
682 2420 880 2488 incommode
913 2421 1042 2488 accidit:
1076 2443 1151 2487 nam
1185 2428 1250 2490 etc

182 2527 296 2600 nostris
324 2525 476 2591 militibus
506 2545 596 2610 spem
624 2525 738 2590 minuit
761 2532 793 2590 et
814 2525 921 2590 hostes
942 2525 984 2589 ad
1010 2525 1217 2609 pugnandum

180 2631 348 2698 alacriores
378 2629 492 2711 effecit,
524 2628 607 2711 quod
636 2650 699 2694 non
731 2629 800 2694 sine
827 2648 947 2694 summo
975 2629 1086 2693 timore
1112 2635 1144 2693 et
1165 2627 1217 2692 de-

181 2734 359 2820 speratione
380 2731 415 2797 id
436 2731 555 2798 facturn
578 2731 753 2797 videbatur.
798 2737 962 2815 praeterea
983 2729 1108 2813 accidit,
1132 2731 1250 2813 quode

181 2839 250 2905 fieri
272 2857 402 2904 necesse
425 2843 501 2918 erat,
525 2842 560 2901 ut
575 2837 669 2920 vulgo
684 2835 799 2900 milites
821 2836 861 2900 ab
885 2833 984 2918 sigule
1006 2832 1214 2916 discederent,

181 2961 326 3027 quaeque
346 2941 479 3024 quisque
495 2959 601 3004 corum
616 2938 779 3004 carissima
794 2937 934 3018 haberet,
957 2937 997 3002 ab
1013 2935 1216 3021 impedimen-

181 3046 223 3112 tis
244 3052 351 3131 petere
372 3050 468 3127 atque
483 3043 621 3127 arripere
636 3047 827 3126 properaret,
852 3041 986 3105 clamore
1002 3045 1034 3103 et
1055 3038 1132 3104 fletu
1154 3059 1215 3104 om·

182 3149 236 3214 nia
258 3147 495 3232 complerentur.

284 3250 434 3316 XXXIV.
479 3246 687 3314 subarratis
710 3246 874 3312 consilium
900 3266 964 3312 non
986 3245 1096 3311 defuit.
1141 3266 1248 3313 namr

181 3355 278 3421 duces
301 3374 408 3419 eorum
423 3357 489 3418 tota
511 3351 580 3416 acie
602 3350 806 3435 pronuntiare
828 3349 995 3430 iusserunt,
1018 3370 1059 3415 ne
1082 3349 1153 3432 quis
1174 3349 1215 3413 ab

180 3460 248 3525 loco
278 3455 468 3523 discederet:
498 3455 621 3520 illorum
651 3473 719 3519 esse
747 3453 898 3537 praedam
920 3459 1016 3535 atque
1030 3453 1098 3517 illis
1120 3471 1216 3517 reser-

181 3563 263 3644 vari,
294 3579 510 3644 quaecumque
539 3558 673 3623 Romani
703 3557 919 3640 reliquissent:
949 3555 1081 3640 proinde
1111 3555 1216 3620 omnIa

181 3667 214 3731 in
236 3664 368 3730 victoria
389 3663 492 3747 posita
520 3661 746 3726 existimarent.
792 3665 882 3724 erant
911 3665 943 3724 et
964 3658 1079 3724 virtute
1102 3664 1133 3722 et
1155 3663 1248 3725 stu-a

180 3768 233 3835 dio
255 3765 420 3853 pugnandi
441 3784 534 3850 pares
556 3763 668 3847 nostri;
692 3762 818 3828 tametsi
840 3763 881 3828 ab
898 3760 978 3826 duce
994 3767 1025 3826 et
1046 3781 1067 3824 a
1089 3759 1212 3825 fortuna

180 3871 416 3950 deserebantur,
439 3874 545 3932 tamen
560 3885 685 3932 omnem
700 3885 789 3950 spem
805 3865 914 3930 salutis
935 3865 970 3929 in
984 3863 1100 3929 virtute
1121 3882 1212 3947 pone
