2936 4192
313 173 355 236 48
651 192 702 245 ΒΕ
719 193 836 248 BELLO
854 194 1017 250 GALLICO

312 362 441 443 mentis,
476 382 558 446 quae
591 383 697 428 secum
733 362 830 448 agere
862 386 901 431 ac
937 374 1063 451 portare
1096 387 1161 434 non
1193 376 1349 456 poteraut,

313 465 391 528 citra
412 464 529 530 flumen
551 465 697 532 Rhenum
718 467 870 552 depositis
885 469 1058 536 custodiam
1073 491 1115 537 ex
1131 472 1195 538 suis
1209 458 1249 538 ac
1263 495 1349 558 prae-

278 566 427 633 ssidium
460 588 517 634 sex
551 569 639 633 milia
670 569 833 634 hominum
865 591 930 636 una
966 573 1167 656 reliquerunt.
1212 575 1247 642 hi
1278 587 1349 662 post

314 689 420 734 eorum
449 671 570 737 obitum
599 673 713 738 multos
742 692 843 739 annos
871 694 893 739 a
921 674 1064 742 finitimis
1086 678 1250 761 exagitati,
1279 700 1347 746 cum

312 771 391 838 alias
424 773 541 838 bellum
573 773 736 857 inferrent,
767 777 847 842 alias
878 778 1002 843 illatum
1032 779 1249 865 defenderent,
1280 803 1348 850 con·

312 895 407 940 sensu
423 896 529 942 eorum
544 877 684 943 omnium
703 899 784 962 pace
797 879 884 945 facta
898 880 984 946 hunc
998 881 1060 948 sibi
1075 881 1232 950 domicilio
1246 885 1347 952 locum

203 979 205 984 ’
313 977 508 1064 delegerunt.

280 1101 291 1146 1
415 1083 519 1148 XXX.
565 1084 612 1148 Ac
633 1083 734 1168 primo
756 1084 898 1151 adventu
920 1087 1078 1153 exercitus
1100 1090 1199 1154 nostri
1222 1090 1348 1158 crebras

313 1204 354 1248 ex
369 1184 484 1268 oppido
501 1185 704 1252 excursiones
726 1187 888 1253 faciebant
909 1189 1113 1273 parvulisque
1134 1193 1262 1276 proeliis
1277 1212 1347 1259 cum

279 1287 427 1352 anostris
457 1288 705 1374 contendebant;
735 1297 846 1374 postea
875 1292 959 1357 vallo
988 1311 1138 1377 passuum
1160 1294 1194 1359 in
1218 1296 1348 1362 circuitu

314 1389 375 1454 XV
390 1390 510 1454 milium
530 1392 710 1474 crebrisque
730 1394 868 1460 castellis
890 1394 1121 1460 circummuniti
1140 1396 1257 1481 oppido
1280 1419 1348 1466 sese

278 1511 294 1558 a
313 1493 526 1558 continebant.
554 1495 609 1560 ubi
624 1495 727 1560 vineis
742 1495 830 1579 actis,
847 1516 966 1579 aggere
981 1503 1142 1563 exsaucto
1157 1500 1267 1564 turrim
1281 1523 1348 1586 pro-

314 1596 364 1660 cul
395 1597 542 1662 constitui
564 1597 722 1680 viderunt,
752 1598 887 1682 primum
916 1596 1046 1664 irridere
1078 1619 1119 1666 ex
1142 1623 1231 1668 muro
1252 1610 1349 1686 atque

311 1697 501 1782 increpitare
534 1700 679 1782 vocibus,
715 1699 798 1784 quod
835 1707 926 1766 tauta
959 1702 1151 1769 machinatio
1183 1705 1225 1768 ab
1260 1712 1349 1772 tanto

278 1801 414 1884 aspatio
437 1802 657 1867 instrueretur:
681 1803 873 1886 quibusnam
892 1803 1040 1869 manibus
1061 1811 1118 1870 aut
1140 1807 1255 1888 quibus
1277 1809 1349 1874 viri·

311 1902 371 1968 bus
392 1905 577 1988 praesertim
599 1905 743 1972 homines
756 1906 899 1971 tantulae
914 1912 1053 1976 staturae
1067 1945 1111 1954 -
1125 1928 1201 1972 nam
1215 1909 1349 1993 plerum-

312 2026 373 2088 que
394 2006 575 2073 hominibus
591 2008 691 2074 Gallis
712 2029 789 2093 prae
808 2007 1028 2092 magnitudine
1044 2029 1207 2094 corporum
1222 2031 1349 2078 suorum

312 2109 451 2175 brevitas
485 2117 592 2176 nostra
626 2101 817 2194 contemptui
851 2117 899 2176 est
931 2148 974 2160 -
1000 2113 1082 2178 tanti
1108 2114 1212 2178 oneris
1238 2116 1349 2180 turrim

312 2217 450 2278 moturos
473 2233 543 2278 sese
566 2212 782 2278 confiderent?
1071 2211 1073 2215 ’

280 2334 292 2380 1
415 2316 537 2380 XXXI.
575 2315 639 2381 Ubi
661 2335 737 2381 vero
759 2315 878 2381 moveri
902 2321 933 2380 et
954 2317 1210 2400 appropinquare
1231 2321 1350 2384 moeni·

312 2417 372 2482 bus
393 2417 549 2499 viderunt,
572 2437 656 2484 nova
677 2423 773 2500 atque
794 2418 945 2483 inusitata
967 2419 1073 2503 specie
1096 2421 1243 2486 commoti
1264 2421 1349 2505 lega-

311 2526 361 2585 tos
382 2520 425 2584 ad
449 2521 616 2587 Caesarem
638 2519 678 2586 de
700 2540 779 2604 pace
801 2521 962 2603 miserunt,
986 2521 1040 2604 qui
1054 2521 1197 2588 adhunc
1218 2523 1349 2588 modum

277 2643 293 2690 a
311 2624 420 2689 locuti:
443 2644 508 2690 non
531 2623 721 2704 existimare,
744 2624 903 2690 Romanos
925 2625 994 2690 sine
1015 2644 1076 2709 ope
1098 2624 1208 2690 divina
1230 2625 1348 2691 bellum

312 2747 431 2811 gerere,
455 2727 530 2811 quia
550 2733 660 2792 tantae
681 2725 857 2791 altitudinis
879 2727 1130 2794 machinationes
1152 2733 1244 2792 tanta
1271 2729 1350 2793 cele

278 2851 294 2898 a
312 2832 406 2896 ritate
419 2851 603 2915 promovere
614 2835 758 2915 possent;
774 2849 809 2894 se
824 2849 943 2912 suaque
955 2831 1061 2895 omnia
1077 2850 1183 2895 eorum
1198 2831 1350 2914 potestati

281 2934 493 3018 4permittere
515 2933 672 2998 dixerunt.
707 2952 805 2996 unum
826 2938 934 3017 petere
955 2953 994 2998 ac
1016 2933 1193 3016 deprecari:
1217 2933 1244 2998 si
1267 2933 1352 2998 sorte

314 3057 371 3122 pro
398 3024 456 3101 sua
483 3035 649 3100 clementia
675 3055 714 3100 ao
735 3035 987 3118 mansuetudine,
1010 3056 1105 3118 quam
1127 3036 1189 3120 ipsi
1211 3037 1253 3101 ab
1276 3035 1351 3100 aliis

314 3139 469 3220 audirent,
496 3139 656 3203 statuisset
677 3137 860 3204 Aduatucos
887 3157 956 3203 esse
984 3137 1227 3220 conservandos,
1249 3157 1291 3202 ne
1314 3157 1352 3202 se

280 3243 409 3312 tarmis
443 3241 641 3325 despoliaret.
687 3240 748 3306 ribi
782 3261 891 3306 omnes
918 3240 985 3306 fere
1013 3241 1163 3306 finitimos
1192 3259 1262 3309 csse
1291 3240 1352 3304 ini-

314 3344 411 3411 micos
436 3365 476 3410 ac
502 3365 578 3410 suae
604 3344 713 3409 virtuti
738 3343 895 3429 invidere;
923 3364 944 3408 a
970 3345 1084 3426 quibus
1111 3363 1146 3408 se
1176 3341 1352 3408 defendere

280 3447 438 3517 straditis
464 3449 560 3512 armis
586 3467 649 3512 non
678 3453 816 3531 possent.
862 3447 923 3512 sibi
952 3452 1123 3532 praestare,
1154 3445 1182 3512 si
1211 3445 1245 3510 in
1275 3463 1352 3509 eum

315 3571 423 3616 casum
444 3549 682 3631 deducerentur,
706 3550 850 3631 quamvis
864 3550 1023 3615 fortunam
1037 3570 1058 3614 a
1071 3549 1186 3634 populo
1205 3549 1353 3614 Romano

315 3655 390 3740 pati,
414 3675 509 3737 quam
530 3654 572 3718 ab
594 3653 644 3718 his
666 3673 723 3737 per
738 3653 910 3719 cruciatum
932 3653 1076 3734 interfici,
1098 3653 1181 3718 inter
1203 3669 1281 3736 quos
1296 3649 1353 3714 do

314 3758 427 3824 minari
451 3762 662 3822 consuessent.
