2936 4192
362 371 363 374 Ν
462 290 570 346 sonu.
588 291 625 345 11.
645 289 727 345 cur.
745 291 944 347 xvrr-xxr.
1175 279 1219 342 43

186 460 307 545 primae
321 469 483 546 venerant,
507 482 602 546 opere
624 461 765 528 dimenso
778 469 885 529 castra
899 464 1021 530 munire
1037 471 1216 551 coeperunt.

185 564 241 630 ubi
270 564 373 648 prima
401 564 628 649 impedimenta
655 565 755 631 nostri
784 567 942 634 exercitus
963 569 1004 635 ab
1027 568 1076 653 iis,
1107 568 1161 652 qui
1183 569 1258 638 ins

185 666 276 732 silvis
303 666 405 732 abditi
426 667 578 752 latebant,
608 667 678 734 visa
699 673 782 752 sunt,
806 668 889 753 quod
910 675 1036 755 tempus
1058 671 1218 738 intereos

186 769 402 836 committendi
423 770 534 855 proelii
549 777 747 856 convenerat,
769 772 816 837 ita
836 779 871 837 ut
892 772 975 838 intra
996 773 1094 839 silvas
1115 774 1217 840 aciem

185 871 375 956 ordinesque
404 873 629 939 constituerant
650 879 745 956 atque
766 874 827 958 ipsi
850 895 921 941 sese
943 875 1215 961 confirmaverant,

177 975 290 1050 subito
312 977 458 1043 omnibus
487 976 585 1060 copiis
606 977 849 1060 provolaverunt
870 978 1085 1064 impetumque
1106 979 1140 1044 in
1162 999 1216 1045 no·

185 1084 266 1145 stros
295 1078 417 1162 equites
444 1079 595 1144 fecerunt.
641 1077 691 1144 his
720 1077 813 1143 facile
834 1080 934 1164 pulsis
962 1099 1000 1146 ac
1021 1081 1253 1165 proturbatisv

184 1179 362 1248 incredibili
384 1181 543 1248 celeritate
563 1180 606 1246 ad
626 1180 745 1246 flumen
768 1181 1020 1268 decucurrerunt,
1049 1190 1084 1250 ut
1112 1203 1215 1269 paene

184 1304 248 1349 uno
270 1290 410 1369 ternpore
433 1290 465 1350 et
486 1283 528 1349 ad
550 1284 647 1350 silvas
669 1290 701 1349 et
722 1284 755 1350 in
778 1283 912 1362 domine¹
931 1291 963 1351 et
983 1286 1048 1352 iam
1069 1285 1103 1351 in
1117 1286 1215 1352 mani-

184 1389 245 1454 bus
266 1387 391 1453 nostris
405 1386 512 1453 hostes
540 1385 731 1452 viderentur.
777 1387 890 1454 eadem
918 1395 1025 1454 antem
1054 1389 1255 1459 celeritates

184 1489 319 1556 adverso
345 1491 423 1556 colle
449 1489 492 1556 ad
517 1495 625 1556 nostra
650 1495 754 1556 castra
779 1496 875 1574 atque
897 1509 960 1576 eos,
987 1491 1042 1575 qui
1063 1491 1214 1577 inopere

184 1593 328 1678 occupati
351 1599 449 1679 erant,
473 1592 710 1660 contenderunt.

286 1696 359 1760 XX.
402 1696 532 1762 ¹(lassari
562 1697 668 1761 omnia
696 1717 760 1761 uno
789 1702 932 1781 tempore
960 1703 1050 1762 erant
1071 1695 1210 1781 agenda:
1229 1697 1249 1766 'a

183 1801 335 1866 vexillum
356 1799 604 1886 proponendum,
628 1799 712 1883 quod
734 1805 801 1865 erat
822 1799 958 1884 insigne,
982 1819 1053 1865 cum
1067 1798 1110 1864 ad
1124 1820 1213 1866 arma

184 1903 326 1970 concurri
355 1909 520 1988 oporteret,
551 1902 679 1988 signum
707 1902 786 1968 tuba
807 1901 957 1986 dandum,
987 1901 1028 1966 ab
1051 1921 1145 1986 opere
1167 1922 1213 1994 re·

182 2005 318 2072 vocandi
339 2006 463 2089 milites,
487 2005 540 2089 qui
562 2005 656 2089 paulo
677 2005 803 2089 longius
824 2004 951 2089 aggeris
965 2003 1095 2090 petendi
1117 2024 1213 2071 causa

127 2140 130 2148 ·
181 2114 407 2193 processerant,
430 2106 620 2192 arcessendi,
642 2108 728 2174 acies
749 2106 944 2190 instruenda,
970 2107 1085 2174 milites
1107 2107 1212 2174 cohor·

181 2210 280 2296 tandi,
303 2210 430 2294 signum
451 2209 600 2275 dandum.
639 2230 771 2293 quarum
793 2231 897 2278 rerum
918 2231 1068 2296 magnam
1088 2217 1211 2297 partem
1229 2231 1251 2280 a

181 2313 330 2399 temporis
351 2313 491 2378 brevitas
513 2319 545 2378 et
566 2332 729 2380 successus
756 2313 892 2381 hostium
913 2313 1116 2401 impediebat.
1161 2314 1250 2384 hisa

181 2416 419 2482 difficultatibus
448 2416 530 2482 dnae
563 2435 614 2482 res
644 2422 743 2482 erant·
766 2417 916 2502 subsidio,
951 2417 1084 2484 scientia
1114 2423 1211 2500 atque

180 2541 256 2586 usus
278 2519 421 2604 militum,
444 2518 529 2603 quod
549 2519 762 2604 superioribus
781 2521 909 2605 procliis
931 2520 1103 2604 exercitati,
1134 2520 1210 2604 quid

180 2623 247 2690 ficri
269 2628 434 2708 oporteret,
457 2642 522 2688 non
535 2622 640 2688 minus
655 2622 817 2688 commode
838 2622 899 2707 ipsi
921 2622 982 2688 sibi
996 2622 1209 2706 praescribere

181 2746 276 2810 quam
297 2725 338 2790 ab
360 2725 436 2790 aliia
454 2723 558 2790 doceri
579 2731 734 2810 poterant,
757 2731 789 2792 et
811 2723 895 2808 quod
915 2725 956 2790 ab
985 2742 1079 2808 opero
1105 2723 1209 2808 singu·

179 2829 280 2913 lisque
301 2826 477 2912 legionibus
499 2827 639 2911 singulos
667 2829 788 2912 legatos
818 2827 935 2894 (lacsar
964 2824 1126 2891 discedere
1146 2827 1209 2894 nisi

179 2931 307 2998 munitis
341 2929 451 2996 castris
479 2935 631 2997 vetuerat.
665 2929 699 2994 hi
727 2935 854 3014 propter
881 2928 1147 3014 propinquitatem
1177 2937 1247 2999 etr

179 3034 370 3100 celeritatem
384 3031 521 3098 hostium
535 3031 615 3097 nihil
628 3033 693 3097 iam
709 3031 852 3098 Caesaris
866 3030 1032 3116 imperium
1047 3039 1208 3118 exspecta·

178 3137 265 3220 bant,
292 3135 350 3202 sed
371 3155 428 3220 per
448 3155 492 3220 sc,
517 3155 598 3219 quae
619 3134 817 3222 videbantur,
839 3134 1112 3201 administrabant.
1273 3142 1276 3147 '

280 3239 369 3304 XXI.
404 3239 521 3306 Caesar
542 3237 727 3304 necessariis
748 3237 843 3304 rebus
864 3237 1026 3323 imperatis
1044 3237 1086 3303 ad
1102 3238 1207 3305 cohor·
1227 3261 1242 3309 a

177 3342 291 3408 tandos
318 3340 443 3424 milites,
474 3360 570 3424 quarn
597 3339 632 3406 in
653 3346 775 3424 partem
796 3340 861 3406 fors
885 3341 1006 3424 obtulit,
1030 3340 1206 3407 decucurrit

177 3451 208 3510 et
229 3444 272 3509 ad
293 3443 451 3526 legionem
473 3443 628 3508 decimam
650 3441 787 3508 devenit.
832 3443 947 3516 milites
973 3463 1037 3508 non
1063 3443 1245 3528 longiores

176 3547 317 3614 oratione
336 3545 523 3629 cohortatus,
547 3564 642 3628 quam
663 3544 709 3610 uti
732 3564 809 3610 suae
830 3545 982 3629 pristinae
997 3545 1122 3612 virtutis
1144 3565 1206 3612 me

176 3649 306 3715 moriam
328 3647 499 3713 retinerent
520 3667 583 3712 neu
597 3647 853 3731 perturbarentur
867 3647 983 3731 animo,
1005 3645 1205 3731 hostiumque

175 3752 327 3836 impetum
353 3749 474 3816 fortiter
503 3749 701 3834 sustinerent,
732 3749 817 3832 quod
846 3769 910 3815 non
939 3749 1064 3834 longius
1097 3749 1243 3820 hostesa

174 3856 317 3939 aberant,
348 3872 442 3936 quam
472 3872 533 3936 quo
561 3852 658 3917 telum
687 3850 774 3934 adigi
796 3858 911 3936 posset,
934 3851 1205 3936 proeliioommit·
