2936 4192
442 218 548 274 oonn.
561 219 582 273 1.
600 191 1004 276 esrxxxur-'xxxvrn
1192 207 1230 271 21

210 387 325 455 deinde
347 389 481 475 obsides,
505 411 582 473 quos
605 392 734 457 haberet
753 393 794 457 ab
809 392 936 476 Aeduis,
959 391 1103 460 redderet
1118 395 1233 478 Sequa·

212 492 320 574 nisque
343 493 543 577 permitteret,
565 500 608 578 ut,
632 514 708 577 quos
730 495 774 559 illi
795 494 956 578 haberent,
983 497 1143 562 voluntate
1167 497 1233 564 eius

210 592 340 660 reddere
360 595 420 660 illis
438 596 559 682 liceret;
581 616 662 662 nere
681 596 807 662 Aeduos
822 597 934 662 iniuria
952 598 1128 682 lacesseret,
1152 617 1233 664 neve
1285 615 1288 621 ’

212 694 260 760 his
285 697 437 778 sociisque
465 717 570 762 eorum
597 698 712 763 bellum
739 699 874 763 inferret.
919 699 945 764 si
972 699 1004 763 id
1031 700 1075 764 ita
1097 700 1267 784 fecissetr

210 798 270 862 sibi
292 799 467 882 populoque
488 801 628 864 Romano
650 806 832 886 perpetuam
854 801 986 884 gratiam
1009 807 1104 884 atque
1130 802 1233 868 amici·

211 903 285 964 tiam
306 920 378 979 cum
400 920 437 965 eo
459 901 607 965 futrram:
635 902 662 966 si
684 921 745 966 non
768 903 956 987 impetraret,
984 923 1062 986 sese,
1086 905 1231 986 quoniam

211 1004 250 1067 M.
266 1003 408 1085 Messala,
431 1004 471 1066 M.
488 1003 600 1068 Pisone
623 1005 799 1069 consulibus
821 1011 947 1070 senatus
969 1006 1149 1088 censuisset,
1175 1007 1230 1090 uti,

210 1105 396 1187 quicumque
412 1105 544 1170 Gallium
567 1105 759 1189 provinciam
778 1107 941 1191 obtineret,
965 1108 1048 1192 quod
1070 1108 1231 1173 commodo

210 1207 398 1292 reipublicae
420 1206 524 1272 facero
550 1214 663 1291 posset,
686 1207 811 1274 Aeduos
837 1215 1016 1292 ceterosque
1042 1211 1158 1275 amicos
1180 1230 1231 1294 po

211 1311 275 1395 puli
301 1311 432 1375 Romani
460 1309 651 1393 defenderet,
678 1330 712 1376 se
734 1311 911 1376 Aeduorum
938 1314 1065 1378 iniurias
1091 1333 1153 1378 non
1180 1332 1231 1377 ne

208 1413 390 1493 glecturum.

311 1515 459 1579 XXXVI.
491 1515 539 1580 Ad
570 1515 647 1580 haec
676 1516 850 1584 Ariovistus
877 1517 1050 1602 respondit:
1084 1519 1131 1582 ius
1162 1537 1262 1586 esser

212 1617 293 1702 belli,
317 1624 359 1701 ut,
383 1618 434 1700 qui
449 1619 606 1700 vicissent,
627 1619 674 1702 iis,
698 1639 774 1700 quos
789 1620 946 1704 vicissent,
969 1619 1230 1702 quemadmodum

212 1721 335 1801 vellent,
358 1721 560 1804 imperarent:
587 1721 661 1785 item
688 1722 835 1805 populum
858 1724 1032 1787 Romanum
1055 1721 1145 1786 victis
1167 1741 1230 1786 non

210 1821 391 1888 adulterius
406 1823 638 1908 praescriptum,
659 1823 714 1888 sed
733 1823 775 1887 ad
794 1843 882 1889 suum
902 1824 1062 1894 arbitrium
1077 1823 1230 1908 imperare

211 1945 382 1992 consuesse.
435 1926 462 1990 si
494 1926 561 2010 ipse
591 1926 704 2010 populo
734 1927 873 1990 Romano
903 1945 964 1990 non
994 1925 1263 2010 praescriberent

210 2027 469 2110 quemadmodum
496 2047 551 2092 suo
579 2029 643 2092 iure
670 2034 819 2112 uteretur,
850 2048 911 2092 non
941 2034 1082 2112 oportere
1112 2045 1180 2092 sese
1210 2046 1230 2090 a

211 2132 322 2215 populo
344 2133 484 2196 Romano
504 2130 537 2194 in
559 2150 615 2195 suo
636 2131 702 2194 iure
725 2131 875 2215 impediri.
916 2130 1042 2196 Aeduos
1064 2130 1133 2213 sibi,
1158 2147 1263 2211 quoe

147 2243 152 2253 ’
211 2233 294 2297 niam
316 2232 391 2297 belli
412 2232 564 2296 fortunam
592 2239 797 2316 temptassent
823 2239 855 2298 et
880 2233 974 2297 armis
1004 2233 1160 2316 congressi
1191 2249 1229 2296 ao

210 2335 345 2420 superati
368 2340 480 2416 essent,
504 2334 720 2418 stipendiarios
743 2355 811 2400 esse
833 2334 940 2400 factos.
984 2355 1129 2418 magnam
1155 2335 1263 2400 Caes

210 2431 314 2502 sarem
337 2435 478 2500 iniuriam
505 2435 617 2520 facere,
649 2437 701 2518 qui
731 2457 785 2502 suo
811 2437 949 2502 adventu
976 2437 1141 2520 vectigalia
1167 2433 1228 2500 sibi

210 2539 362 2604 deteriora
383 2537 507 2602 faceret.
538 2538 655 2604 Aeduis
674 2559 708 2603 se
727 2539 852 2604 obsides
865 2539 1057 2604 redditurum
1072 2559 1134 2603 non
1150 2557 1229 2621 esse,
1246 2557 1263 2607 s

211 2661 311 2724 neque
333 2640 372 2706 iis
393 2659 494 2729 neque
517 2659 620 2705 eorum
641 2641 732 2706 sociis
751 2641 864 2706 iniuria
878 2642 992 2706 bellum
1012 2641 1178 2721 illaturum,
1202 2639 1230 2704 si

210 2744 243 2808 in
265 2763 302 2808 eo
327 2750 498 2831 manerent,
526 2742 608 2825 quod
634 2744 840 2826 convenisset,
868 2731 1118 2828 stipendiumque
1145 2747 1228 2822 quot

208 2845 300 2911 annis
322 2844 507 2929 penderent;
530 2846 557 2911 si
576 2844 608 2910 id
627 2865 689 2911 non
709 2845 865 2928 fecissent,
888 2846 981 2930 longe
1000 2845 1039 2909 iis
1058 2845 1227 2908 fraternum

210 2967 322 3012 nomen
348 2947 454 3033 populi
475 2948 607 3012 Romani
632 2948 796 3012 afuturum.
842 2947 925 3032 quod
950 2948 1010 3014 sibi
1037 2947 1151 3013 Caesar
1177 2945 1262 3012 dec

210 3049 375 3134 nuntiaret,
397 3068 432 3114 se
453 3047 630 3114 Aeduorum
653 3049 780 3116 iniurias
802 3071 864 3114 non
887 3052 1109 3134 neglecturum,
1133 3047 1228 3112 nemi·

210 3171 281 3216 nem
305 3171 411 3218 secum
437 3151 505 3217 sine
531 3171 588 3217 sua
613 3151 750 3236 pernicie
777 3152 981 3217 contendisse.
1027 3171 1097 3217 eum
1123 3149 1260 3232 velletr

208 3252 460 3337 congrederetur:
482 3253 718 3337 intellecturum,
742 3253 815 3335 quid
834 3254 942 3318 invicti
962 3253 1119 3334 Germani,
1142 3270 1227 3315 exer-

208 3355 383 3421 citatissimi
396 3355 429 3420 in
444 3356 547 3440 armis,
568 3357 620 3438 qui
640 3356 721 3420 inter
739 3377 838 3421 annos
853 3358 929 3421 XIV
944 3364 1058 3434 tectum
1077 3344 1227 3419 non'sub·

208 3458 314 3540 issent,
336 3458 450 3550 virtute
472 3466 608 3544 possent.

308 3559 474 3626 XXXVII.
500 3561 589 3626 Haec
617 3561 726 3628 eodem
756 3568 895 3648 tempore
926 3561 1051 3629 Caesari
1080 3559 1259 3626 mandatas

191 3658 416 3740 referebantur,
432 3665 464 3723 et
481 3660 578 3744 legati
591 3661 630 3724 ab
649 3661 769 3725 Aeduis
789 3665 822 3724 et
840 3661 1014 3726 aTrevsris
1029 3663 1221 3748 replebant:

192 3761 296 3829 Aedui
331 3759 489 3850 questum,
525 3766 608 3849 quod
631 3767 787 3849 Harudes,
814 3767 868 3850 qui
891 3789 990 3854 nuper
1021 3769 1054 3834 iu
1081 3767 1251 3836 deltiana
