2966 4196
476 188 584 244 court.
597 189 645 243 vr.
664 187 995 246 cnuxxxvn-xn
1179 177 1254 246 '135

320 361 473 426 XXXIX.
497 359 627 425 Interim
643 360 787 426 confecta
805 360 1049 430 frumentatione
1064 365 1179 432 milites
1200 387 1252 433 no
1272 391 1285 436 r

216 463 273 528 stri
290 464 458 529 clamorem
474 462 661 548 exaudiunt,
685 471 890 548 praecurrunt
905 466 1039 552 equites;
1063 475 1180 551 quanto
1202 489 1253 536 res

218 566 315 631 sitin
337 567 484 650 periculo,
515 573 716 650 cognoscunt.
761 565 814 632 hic
835 587 910 633 vero
932 570 1019 634 nulla
1039 572 1172 639 munitio
1194 579 1287 658 esta

217 688 300 752 quae
314 670 495 754 perterritos
510 669 654 753 recipiat:
678 668 771 735 modo
787 671 955 755 conscripti
969 680 1065 756 atque
1079 695 1154 742 usus
1176 677 1253 741 mili-

217 772 293 837 taris
322 772 459 857 imperiti
488 771 530 837 ad
559 772 718 837 tribunum
749 772 883 838 militum
915 777 1177 862 centurionesque
1199 799 1254 844 ora

217 880 415 960 convertunt;
438 874 514 958 quid
536 876 577 940 ab
599 874 649 940 his
675 875 894 960 praecipiatur,
919 885 1114 962 exspectant.
1159 901 1286 950 nemos

218 983 266 1042 est
295 983 359 1041 tam
389 977 488 1061 fortis,
519 977 594 1061 quin
624 978 670 1042 rei
702 978 844 1044 novitate
873 981 1079 1064 perturbetur.
1125 981 1286 1052 barbaris

216 1080 310 1164 signa
337 1081 445 1165 procul
475 1081 648 1165 conspicati
676 1081 912 1166 oppugnatione
934 1082 1103 1170 desistunt,
1134 1084 1253 1152 redisse

216 1183 317 1266 primo
338 1183 480 1267 legiones
502 1182 643 1268 credunt,
667 1204 746 1266 quas
767 1185 892 1270 longius
915 1185 1097 1254 discessisse
1120 1208 1161 1254 ex
1183 1208 1253 1274 cap-

217 1285 290 1352 tivis
313 1292 539 1372 cognoverant3
562 1292 674 1371 postea
696 1285 846 1372 despecta
866 1290 1025 1372 paucitate
1048 1310 1090 1356 ex
1109 1292 1253 1358 omnibus

217 1389 359 1472 partibus
380 1389 532 1474 impetum
554 1389 684 1455 faciunt.

319 1493 387 1557 XL.
433 1492 567 1558 Calones
600 1492 634 1556 in
665 1494 844 1577 proximum
877 1497 1031 1561 tumulum
1059 1503 1285 1581 procurruntr

216 1594 291 1660 hinc
313 1594 456 1660 celeriter
477 1594 592 1660 deiecti
614 1615 649 1661 se
671 1595 705 1660 in
720 1596 813 1680 signa
826 1598 1066 1682 manipulosque
1081 1600 1252 1685 coniciunt;

217 1717 255 1762 eo
284 1699 386 1782 magis
415 1698 541 1764 timidos
570 1703 746 1782 perterrent
775 1699 900 1764 milites
945 1701 1008 1785 alii,
1040 1720 1140 1766 cuneo
1169 1701 1287 1771 factos

218 1806 252 1865 ut
267 1801 410 1868 celeriter
424 1808 638 1887 perrumpant,
663 1807 803 1887 censent,
826 1802 975 1884 quonium
997 1809 1063 1868 tam
1078 1804 1254 1888 propinqua

217 1903 281 1970 sint
303 1911 415 1990 castra,
444 1911 476 1970 et
502 1905 530 1970 si
556 1925 631 1989 pars
657 1905 765 1988 aliqua
794 1904 1009 1970 circumventa
1036 1905 1194 1991 ceciderit,
1221 1913 1255 1972 at

217 2008 353 2093 reliquos
375 2009 494 2075 servari
516 2029 609 2093 posse
634 2007 808 2093 confidunt;
838 2009 902 2093 alii,
931 2015 966 2074 ut
992 2009 1026 2074 in
1052 2010 1126 2093 iugo
1157 2011 1288 2079 cousi-s

218 2117 302 2177 stant
330 2119 426 2196 atque
456 2111 591 2178 eundem
621 2132 731 2178 omnes
760 2112 864 2178 ferant
886 2132 1003 2178 casum.
1049 2112 1110 2180 hoc
1131 2119 1288 2184 veterent

218 2235 281 2280 non
303 2216 439 2301 probant
460 2216 586 2300 milites,
610 2235 687 2299 quos
710 2216 768 2282 sub
791 2216 909 2282 vexillo
931 2237 996 2282 una
1024 2216 1182 2302 profectos
1204 2217 1255 2294 do,

219 2318 347 2384 enimus.
393 2318 501 2402 itaque
529 2318 613 2384 inter
641 2338 676 2384 se
707 2319 858 2384 cohortati
884 2318 965 2385 duee
987 2320 1066 2386 Gaio
1087 2321 1254 2421 Trebonio,

219 2423 323 2506 equite
345 2424 497 2507 Romano,
522 2423 576 2505 qui
598 2423 644 2488 eis
660 2429 727 2487 erat
748 2424 958 2507 praepositus,
981 2444 1038 2508 per
1060 2423 1181 2490 medios
1203 2423 1256 2489 bo

219 2533 283 2592 stes
304 2531 511 2610 penumpunt
531 2525 767 2608 incolumesque
788 2524 831 2589 ad
852 2545 950 2590 unum
973 2545 1083 2591 omnes
1105 2525 1139 2590 in
1154 2533 1256 2591 castra

219 2629 417 2713 perveniunt.
470 2627 528 2693 hos
562 2627 722 2694 subsecuti
757 2627 884 2692 calones
922 2627 1106 2710 equitesque
1145 2627 1288 2696 eodeme

220 2734 338 2816 impetu
360 2727 494 2796 militum
516 2731 632 2796 virtute
655 2736 827 2795 serventur.
862 2735 896 2794 at
917 2729 949 2813 ii,
973 2728 1027 2812 qui
1048 2729 1082 2794 in
1097 2729 1171 2814 iugo
1186 2749 1289 2798 con-u

220 2837 374 2919 stiterunt,
397 2836 483 2900 nullo
499 2833 595 2899 etiam
617 2853 702 2898 nunc
715 2853 775 2899 usu
796 2832 842 2898 rei
864 2831 1007 2897 militaris
1021 2838 1181 2916 percepto,
1204 2851 1257 2898 ne·

220 2959 281 3021 que
303 2938 336 3003 in
359 2959 406 3022 eo,
434 2937 518 3021 quod
544 2937 767 3022 probaverant,
790 2936 921 3001 consilio
947 2955 1142 3019 permanere,
1165 2941 1201 3000 ut
1222 2955 1257 3002 se

220 3043 288 3108 loco
315 3042 473 3126 superiore
503 3039 722 3122 defenderent,
753 3057 856 3122 neque
879 3057 959 3121 eam,
991 3057 1086 3120 quam
1107 3036 1257 3122 prodesse

220 3144 292 3210 aliis
313 3145 379 3209 vim
402 3144 657 3226 celeritatemque
678 3140 833 3225 viderant,
856 3139 973 3205 imitari
994 3145 1172 3225 potuerunt,
1201 3139 1258 3206 sed

221 3266 256 3313 se
286 3247 320 3312 in
350 3253 453 3312 castra
478 3247 620 3330 recipere
646 3244 751 3310 conati
777 3243 920 3326 iniquum
946 3243 1104 3308 inlocum
1127 3242 1258 3310 demise-

222 3356 303 3416 runt.
350 3349 556 3434 centuriones,
587 3367 719 3432 quornm
748 3345 890 3412 nonnulli
921 3363 963 3410 ex
992 3345 1192 3412 inferioribus
1213 3366 1291 3414 ort

223 3453 349 3520 dinibus
371 3454 562 3537 reliquarum
583 3451 744 3536 legionum
762 3449 887 3515 virtutis
910 3468 1005 3514 causa
1026 3448 1059 3513 in
1083 3449 1258 3533 superiores

224 3564 313 3623 erant
328 3556 455 3623 ordines
476 3557 570 3622 huius
590 3553 724 3638 legionis
746 3552 891 3635 traducti,
915 3571 956 3616 ne
971 3557 1045 3616 ante
1067 3557 1191 3636 partam
1212 3551 1259 3617 rei

223 3661 368 3726 militaris
397 3658 523 3725 laudem
553 3658 744 3740 amitterent,
777 3654 947 3722 fortissime
981 3659 1159 3738 pugnantes
1189 3671 1258 3718 con-

224 3762 376 3830 ciderunt.
408 3763 542 3828 militum
564 3780 647 3846 pars,
670 3758 781 3823 horum
796 3758 911 3824 virtute
933 3757 1085 3824 submotis
1106 3755 1258 3839 hostibus,
1278 3777 1296 3824 s
