2960 4192
254 233 318 296 204
591 213 647 302 nn'
658 248 773 304 annno
792 247 954 304 cnnnrco

219 435 235 489 t
254 422 383 486 castella
405 427 581 487 nostrorum
604 400 795 487 adoiiuntur.
842 442 936 504 quam
965 423 1005 487 ob
1037 441 1165 488 causam
1188 422 1300 506 Gaius

254 525 405 591 Caninius
425 530 491 590 tcto
514 524 629 609 oppido
651 525 841 590 munitiones
861 525 1053 591 circumdare
1074 533 1221 610 moratur,
1245 547 1287 594 ne

254 634 307 692 aut
329 647 408 712 opus
430 628 577 693 effectum
599 628 683 693 tueri
701 648 764 693 non
787 628 886 712 possit
908 634 962 693 aut
988 628 1131 712 plurimis
1153 629 1187 694 in
1209 629 1286 696 locis

194 815 198 821 Ι
252 730 378 796 infirma
399 731 546 816 disponat
567 731 735 816 praesidia.

221 853 233 901 1
356 835 490 900 XXXV.
543 836 659 920 Magna
697 836 787 920 copia
819 834 968 900 frumenti
1002 843 1183 919 comparata
1216 857 1287 902 con·

254 937 360 1003 sidunt
386 939 531 1024 Drappes
561 945 592 1003 ct
613 939 776 1004 Lucterius
806 959 870 1004 non
899 938 1023 1022 longius
1051 940 1091 1004 ab
1116 939 1232 1024 oppido
1254 941 1287 1004 X

254 1041 389 1126 milibus,
416 1042 501 1108 unde
526 1043 680 1127 paulatim
709 1041 900 1106 frumentum
929 1042 961 1105 in
986 1041 1135 1126 oppidum
1158 1063 1286 1128 suppor-

220 1151 366 1212 atarent.
410 1145 472 1230 ipsi
493 1145 576 1209 inter
597 1165 631 1210 se
653 1145 832 1229 provincias
855 1145 1046 1230 partiuntur:
1069 1146 1215 1230 Drappes
1239 1166 1286 1211 ca·

253 1247 325 1312 stris
353 1233 510 1331 praesidio
543 1267 614 1313 cum
646 1253 736 1331 parte
770 1247 929 1332 copiarum
961 1247 1085 1329 restitit,
1120 1248 1286 1315 Lucterius

220 1369 370 1434 sagmen
402 1349 611 1415 iumentorum
643 1349 684 1414 ad
718 1348 867 1434 oppidum
898 1349 993 1414 ducit.
1047 1349 1208 1435 dispositis
1240 1352 1285 1418 ibi

254 1451 419 1537 praesidiis
440 1453 518 1518 hora
539 1453 640 1520 noctis
667 1453 790 1518 circiter
816 1452 939 1518 decima
965 1453 1162 1519 silvestribus
1188 1474 1286 1540 angu-

255 1556 372 1640 stisque
394 1556 558 1622 itineribus
580 1555 770 1622 frumentum
786 1556 953 1641 importare
972 1555 1005 1620 in
1028 1555 1178 1641 oppidum
1201 1557 1286 1623 insti-

220 1680 237 1727 4
255 1659 323 1724 tuit.
348 1679 478 1742 quorum
500 1659 664 1743 strepitum
679 1659 792 1742 vigiles
815 1664 986 1723 castrorum
1009 1678 1080 1723 curn
1103 1659 1284 1744 sensissent,

255 1761 530 1846 exploratoresque
562 1762 663 1844 missi,
698 1783 779 1845 quae
811 1767 1005 1846 gererentur,
1038 1763 1283 1847 renuntiassent,

255 1865 406 1932 Caninius
436 1866 577 1932 celeriter
607 1885 678 1930 cum
708 1865 886 1931 cohortibus
914 1865 1043 1930 armatis
1071 1885 1111 1930 ex
1133 1867 1285 1950 proximis

256 1967 392 2034 castellis
413 1969 446 2033 in
470 1968 689 2034 frumentarios
711 1968 768 2034 sub
784 1968 887 2052 ipsam
908 1968 1011 2033 lucem
1033 1968 1184 2053 impeturn
1199 1969 1283 2035 fecit.

220 2070 288 2139 slri
309 2073 473 2156 repentino
494 2071 577 2137 malo
598 2071 754 2155 perterriti
776 2069 946 2154 diffugiunt
967 2069 1009 2136 ad
1032 2091 1090 2137 sua
1111 2071 1283 2158 praesidia3

255 2194 336 2256 quae
365 2175 463 2240 nostri
492 2180 527 2239 ut
555 2174 712 2259 viderunt,
741 2174 844 2240 acrius
874 2181 983 2240 contra
1004 2182 1141 2240 armatos
1162 2175 1284 2242 incitati

155 2335 156 2338 ,
255 2277 413 2341 neminem
435 2297 476 2340 ex
499 2295 536 2342 eo
558 2295 688 2341 numero
710 2277 818 2341 vivum
841 2277 912 2361 capi
933 2277 1103 2360 patiuntur.
1144 2277 1285 2362 profugit

254 2377 328 2444 inde
351 2399 421 2444 cum
443 2379 552 2463 paucis
574 2379 737 2444 Lucterius
759 2399 819 2444 nec
841 2399 875 2444 se
896 2379 1007 2464 recipit
1030 2380 1062 2444 in
1085 2387 1195 2446 castra.

222 2503 234 2550 1
356 2482 506 2548 XXXVI.
529 2483 577 2546 Re
599 2483 682 2548 bene
703 2488 794 2566 gesta
817 2481 968 2548 Caninius
991 2502 1032 2546 ex
1055 2484 1188 2567 captivis
1204 2504 1283 2549 com·

254 2585 344 2670 perit,
367 2590 488 2669 partem
511 2585 670 2669 copiarum
693 2605 764 2649 cum
785 2586 946 2669 Drappete
976 2605 1046 2650 esse
1075 2585 1108 2650 in
1132 2587 1241 2652 castris
1264 2607 1284 2651 a

254 2688 380 2754 milibus
408 2708 473 2754 non
502 2688 637 2771 amplius
665 2688 738 2752 XlI.
785 2707 847 2770 qua
875 2707 909 2752 re
939 2707 980 2752 ex
1003 2688 1213 2772 compluribus
1236 2709 1283 2754 co·
1359 2738 1362 2746 ,
1471 2713 1472 2722 ¹

253 2791 344 2874 gnita
365 2811 436 2856 cum
459 2791 663 2875 intellegeret,
686 2789 795 2872 fugato
818 2789 898 2855 duce
919 2791 1017 2856 altero
1039 2793 1175 2874 reliquos
1189 2791 1283 2856 facile

254 2893 387 2978 opprimi
408 2911 512 2978 posse,
535 2913 670 2976 magnae
692 2892 850 2957 felicitatis
865 2912 934 2958 esse
949 2893 1166 2978 arbitrabatur,
1187 2895 1295 2960 nemi·

254 3017 327 3062 nem
350 3017 391 3062 ex
414 2994 511 3061 caede
532 2997 687 3080 refugisse
709 2997 742 3060 in
765 3002 877 3077 castra,
901 2997 955 3078 qui
978 2996 1018 3062 de
1041 3004 1173 3081 accepta
1204 2999 1283 3062 cala-

220 3099 362 3167 amitate
391 3101 535 3164 nuntium
557 3100 710 3184 Drappeti
739 3098 900 3185 perferret.
947 3099 1004 3165 sed
1034 3099 1067 3165 in
1090 3100 1283 3185 experiendo

254 3221 325 3267 cum
351 3202 523 3286 periculum
552 3203 670 3268 nullum
697 3201 828 3286 videret,
859 3202 1033 3284 equitatum
1061 3223 1187 3268 ornnem
1210 3205 1283 3270 Ger-

253 3325 425 3386 manosque
446 3305 578 3389 pedites,
602 3326 742 3370 summae
757 3305 932 3371 velocitatis
947 3305 1100 3386 homines,
1123 3305 1166 3370 ad
1181 3314 1284 3373 castra

254 3408 389 3474 hostium
411 3409 596 3494 praemittit;
619 3410 687 3494 ipse
709 3411 865 3493 legionem
888 3429 983 3473 unam
1013 3410 1046 3473 in
1077 3410 1159 3474 trina
1182 3417 1284 3476 eastra

221 3533 235 3580 a
254 3512 419 3597 distribuit,
443 3513 573 3578 alteram
595 3532 701 3577 secum
725 3513 906 3597 expeditam
928 3512 1023 3578 ducit.
1062 3533 1132 3577 cum
1155 3514 1283 3597 propius

254 3615 359 3681 hostes
381 3615 575 3700 accessisset,
598 3617 639 3680 ab
669 3615 928 3700 exploratoribus,
960 3635 1038 3698 quos
1067 3615 1282 3700 praemiserat,

255 3719 414 3802 cognoscit
437 3726 539 3784 castra
562 3738 678 3802 eorum,
702 3725 736 3783 ut
764 3719 967 3784 barbarorum
996 3718 1063 3784 fere
1092 3719 1283 3786 consuetudo
1311 3773 1313 3776 .

255 3826 310 3902 est,
334 3821 450 3886 relictis
472 3822 548 3886 locis
571 3821 782 3904 superioribus
801 3821 846 3886 ad
867 3823 951 3905 ripas
975 3841 1045 3886 esse
1071 3821 1209 3886 fluminis
1232 3821 1282 3886 de-
