2936 4192
468 247 575 302 COMM.
588 247 640 302 Ill.
660 246 742 304 OAP.
755 248 896 303 VII-XI.
1156 233 1207 296 55·

162 442 275 506 parare
303 427 335 486 et
360 421 499 485 maxime
522 441 568 500 ea,
597 439 679 502 quae
700 419 742 484 ad
765 440 853 486 usum
878 421 1007 485 navium
1029 421 1198 504 pertinent,

163 523 329 608 providere
358 524 535 604 instituunt,
566 521 626 588 hoo
655 523 772 587 maiore
795 543 860 607 spe,
885 522 968 606 quod
990 525 1123 588 multum
1145 543 1199 588 na

163 633 232 690 tura
244 627 304 690 loci
320 625 529 692 confidebant.
553 624 712 709 pedestria
727 645 796 691 esse
811 626 925 690 itinera
937 627 1062 691 concisa
1076 632 1198 692 aestua·
1215 647 1240 696 s.

163 730 225 810 riis,
260 729 497 813 navigationem
529 727 712 813 impeditam
742 735 869 814 propter
897 729 1097 795 inscientiam
1119 730 1198 796 loco·

162 853 230 896 rum
268 832 523 916 paucitatemque
560 837 705 915 portuum
743 832 898 913 sciebant,
937 851 1041 915 neque
1074 839 1197 898 nostros

163 935 319 1000 exercitus
341 940 468 1019 propter
489 933 638 998 frumenti
661 935 800 1019 inopiam
822 933 939 999 diutius
961 933 1046 1018 apud
1074 954 1108 999 se
1134 955 1197 1000 mo-

161 1038 222 1100 rari
245 1057 338 1120 posse
354 1036 567 1122 confidebant3
590 1057 629 1102 ao
644 1037 707 1102 iam
722 1042 756 1103 ut
771 1037 877 1102 omnia
891 1042 1000 1102 contra
1014 1037 1196 1121 opinionem
1214 1059 1237 1104 a.

161 1138 351 1220 acciderent,
375 1145 482 1203 tamen
505 1159 540 1204 se
561 1140 729 1223 plurimum
752 1140 887 1206 navibus
909 1159 1011 1224 posse,
1038 1141 1197 1206 Romanos

162 1261 265 1325 neque
296 1241 393 1306 ullam
426 1241 609 1307 facultatem
642 1242 760 1309 habere
794 1243 924 1308 navium
955 1263 1058 1325 neque
1090 1263 1197 1309 eorum

160 1345 308 1426 locorum,
331 1345 385 1411 ubi
408 1345 525 1410 bellum
546 1346 666 1429 gesturi
690 1352 804 1427 essent,
827 1344 920 1426 vada,
944 1351 1061 1428 portus,
1077 1346 1196 1412 insulas

161 1448 300 1532 novisse;
328 1467 367 1512 ac
392 1448 486 1530 longe
512 1449 608 1512 aliam
636 1468 704 1513 esse
731 1449 968 1531 navigationem
989 1449 1024 1512 in
1047 1449 1227 1515 concluso?

161 1552 239 1615 mari
261 1557 357 1632 atque
379 1551 412 1614 in
435 1551 611 1616 vastissimo
633 1558 729 1634 atque
756 1551 952 1635 apertissimo
976 1550 1102 1616 Oceano
1128 1571 1196 1635 per·

161 1654 345 1738 spiciebant.
381 1652 430 1718 his
452 1642 538 1718 initis
561 1654 699 1718 consiliis
721 1652 838 1738 oppida
860 1654 1014 1733 muniunt,
1038 1653 1234 1723 frumentea

162 1777 202 1820 ex
225 1756 311 1839 agris
332 1757 365 1820 in
388 1755 504 1840 oppida
527 1762 731 1839 comportant,
755 1775 853 1820 naves
880 1757 912 1818 in
935 1755 1111 1836 Venetiam,
1139 1757 1229 1824 ubis

163 1860 329 1926 Gaesarem
351 1859 486 1943 primum
505 1859 621 1924 bellum
636 1865 797 1942 gesturum
812 1860 986 1937 constabat,
1012 1878 1106 1940 quam
1129 1859 1195 1942 plu·

162 1963 256 2026 rimas
285 1968 425 2046 possunt,
456 1968 580 2046 cogunt.
625 1961 726 2027 socios
752 1960 813 2027 sibi
833 1959 881 2038 ad
908 1959 941 2024 id
968 1960 1086 2025 bellum
1110 1959 1192 2026 Osis·
1213 1982 1251 2030 ro

163 2085 237 2146 mos,
253 2065 420 2145 Lexobios,
436 2066 619 2146 Namnetes,
631 2064 827 2144 Ambiliatos,
843 2063 989 2144 Morinos,
1005 2063 1194 2145 Diablintes,

163 2167 324 2250 Menapios
353 2167 523 2252 asciscunt,
553 2167 673 2231 auxilia
704 2187 745 2231 ex
771 2165 944 2247 Britannia,
975 2186 1056 2248 quae
1087 2172 1196 2230 contra

164 2290 217 2334 eas
239 2270 384 2352 regiones
405 2270 508 2354 posita
531 2277 587 2351 est,
610 2275 781 2335 arcessunt.

265 2373 306 2437 X.
333 2373 431 2437 Erant
453 2373 513 2437 hae
529 2372 732 2438 difficultates
751 2372 826 2438 belli
840 2371 982 2457 gerendi,
1006 2392 1084 2454 quas
1100 2392 1195 2456 supra
1214 2392 1228 2439 r

163 2474 365 2556 ostendimus,
388 2475 444 2540 sed
466 2475 565 2540 multa
581 2475 747 2542 Gaesarem
761 2481 868 2540 tamen
891 2474 933 2539 ad
954 2473 989 2538 id
1010 2473 1127 2541 bellum
1150 2474 1194 2538 in·

164 2578 317 2643 citabant:
340 2577 473 2646 iniuriae
495 2583 686 2644 retentorum
706 2578 846 2659 equitum
861 2578 1080 2656 Romanorum,
1097 2576 1228 2643 rebel-a

164 2680 204 2744 lio
234 2679 319 2744 facta
348 2686 418 2764 post
445 2680 650 2762 deditionem,
678 2679 812 2744 defectio
842 2677 924 2742 datis
951 2677 1121 2758 obsidibus,
1149 2682 1195 2741 tot

165 2782 327 2847 civitatum
349 2783 529 2865 coniuratio,
552 2782 695 2867 inprimis
716 2801 758 2846 ne
779 2781 840 2846 hac
861 2787 952 2864 parte
978 2781 1124 2864 neglecta
1149 2798 1195 2845 re-

164 2883 268 2966 liquae
303 2885 447 2950 nationes
481 2885 542 2951 sibi
570 2884 655 2948 idem
684 2883 779 2948 licere
808 2883 1042 2949 arbitrarentur.
1088 2883 1229 2966 itaquae

165 3007 235 3051 cum
257 2987 462 3071 intellegeret,
486 3006 595 3052 omnes
624 2985 690 3051 fere
713 2985 820 3052 Gallos
841 2985 932 3051 novis
953 2987 1047 3053 rebus
1069 2984 1195 3052 studere

165 3095 195 3153 et
216 3087 259 3152 ad
280 3088 398 3154 bellum
420 3089 576 3155 mobiliter
591 3088 793 3171 celeriterque
809 3088 950 3169 excitari,
966 3107 1075 3154 omnes
1089 3093 1194 3154 autem

93 3229 96 3234 -
164 3190 306 3256 homines
328 3198 441 3256 natura
463 3191 600 3258 libertati
620 3189 746 3256 studere
761 3196 792 3256 et
807 3189 1022 3256 condicionem
1036 3188 1195 3257 servitutis

164 3293 276 3374 odisse,
299 3294 482 3379 priusquam
508 3294 613 3379 plures
641 3291 784 3358 civitates
811 3291 1035 3377 conspirarent,
1062 3292 1196 3378 partien-

164 3395 238 3460 dum
260 3396 382 3462 sibiae
404 3397 497 3462 letius
520 3394 770 3462 distribuendum
793 3394 966 3460 exaratum
987 3395 1120 3480 putarit.

266 3499 323 3563 XI.
354 3500 468 3581 Itaque
489 3499 594 3562 Titum
617 3497 793 3563 Labienum
814 3499 955 3582 legatum
975 3497 1008 3561 in
1030 3499 1193 3578 treveros,
1214 3517 1226 3564 ι

165 3601 216 3684 qui
249 3601 386 3685 proximi
419 3600 540 3665 flumini
570 3598 681 3664 Rheno
711 3605 794 3682 sunt,
825 3620 895 3665 cum
926 3601 1067 3682 equitatu
1089 3599 1192 3664 mittit.

164 3702 236 3768 huic
258 3703 397 3785 mandat,
420 3705 536 3768 Remos
557 3702 755 3785 reliquosque
776 3703 893 3786 Belgas
919 3701 1014 3766 adeat
1040 3708 1135 3784 atque
1160 3701 1229 3770 ina

164 3806 268 3872 officio
302 3805 460 3872 contineat
494 3805 743 3886 Germanosque,
778 3803 831 3886 qui
863 3803 981 3868 auxilio
1014 3804 1054 3869 ab
1089 3803 1196 3887 Belgis
