2966 4196
468 213 577 270 cohil.
590 214 653 269 VII.
673 214 757 270 CAP.
768 213 1022 270 XXIII—XXVII.
1203 201 1261 266 151

230 387 315 471 quod
337 387 470 472 dignum
491 386 642 452 memoria
664 387 767 451 visum
788 386 1051 470 praetereundum
1073 409 1136 454 nou
1160 389 1264 454 existi-

231 491 395 557 mavimus.
431 488 559 572 quidam
580 496 656 554 ante
677 495 799 573 portam
821 489 929 573 oppidi
945 489 1053 556 Gallus
1074 511 1131 576 per
1152 511 1298 561 manusc

230 593 298 658 sevi
320 613 359 658 ac
380 593 460 676 picis
482 591 614 657 traditas
636 591 746 676 glebas
774 592 808 656 in
837 591 945 676 ignem
974 613 992 658 e
1020 594 1150 678 regione
1171 594 1265 660 turris

231 695 418 781 proiciebat;
441 695 604 780 scorpione
627 696 667 760 ab
690 695 789 760 latere
810 693 923 759 dextro
942 695 1090 761 traiectus
1106 695 1264 762 exanima-

230 805 343 881 tusque
366 797 510 864 concidit.
545 797 629 862 hunc
652 797 867 880 exproximis
888 817 970 862 unus
991 798 1147 864 iacentem
1166 805 1299 867 trans-s

229 921 356 986 gressus
386 900 496 966 eodem
525 901 578 966 illo
607 919 737 966 munere
767 900 971 985 fungebatur;
1003 900 1113 966 eadem
1143 902 1264 967 ratione

229 1004 294 1068 ictu
316 1004 489 1088 scorpionis
512 1004 692 1069 exanimato
714 1003 805 1068 alteri
827 1003 978 1068 successit
993 1004 1103 1068 tertius
1119 1011 1151 1069 et
1172 1005 1263 1069 tertio

230 1113 370 1188 quartus,
393 1127 453 1172 nec
475 1107 562 1191 prius
583 1107 637 1171 ille
660 1113 707 1172 est
728 1127 749 1171 a
770 1107 1056 1191 propugnatoribus
1077 1127 1197 1173 vacuus
1218 1127 1263 1172 re·
1280 1129 1297 1174 4

229 1209 320 1274 lictus
341 1210 437 1291 locus,
461 1230 555 1292 quam
576 1209 725 1274 restincto
748 1229 866 1294 aggere
886 1215 982 1292 atque
1004 1210 1089 1275 omni
1111 1216 1263 1294 exparte
1297 1199 1299 1202 ’

229 1313 382 1378 submotis
404 1312 547 1379 hostibus
568 1313 640 1378 linis
663 1319 711 1378 est
732 1311 897 1397 pugnandi
919 1313 1031 1378 factus.

332 1417 450 1480 XXVI.
496 1415 612 1482 Omnia
635 1416 758 1501 experti
781 1415 872 1500 Galli,
903 1416 987 1498 quod
1016 1436 1067 1482 res
1088 1418 1175 1483 nulla
1196 1436 1295 1484 suec

229 1525 376 1603 cesserat,
398 1525 523 1604 postero
546 1518 598 1585 die
620 1519 784 1585 consilium
807 1515 957 1604 ceperunt
984 1540 1026 1584 ex
1052 1519 1167 1605 oppido
1193 1540 1262 1605 pro

229 1620 347 1705 fugere,
377 1621 522 1687 hortante
552 1628 584 1686 et
613 1622 742 1688 iubente
764 1622 1030 1707 Vercingetorige.
1075 1622 1109 1686 id
1138 1623 1296 1690 silentioa

229 1724 329 1790 noctis
352 1725 456 1790 conati
476 1746 541 1790 non
563 1745 681 1810 magna
702 1725 822 1790 iactura
852 1745 977 1790 suorum
999 1745 1070 1791 sese
1097 1726 1261 1790 effecturos

228 1828 408 1910 sperabant,
430 1833 597 1913 propterea
618 1827 702 1911 quod
724 1847 827 1910 neque
848 1827 942 1911 longe
963 1828 1005 1893 ab
1028 1827 1144 1912 oppido
1160 1833 1262 1892 castra

228 1929 495 2015 Vercingetorigis
524 1931 666 2012 aberant,
698 1937 729 1994 et
757 1931 858 2015 palus,
885 1950 967 2012 quae
992 1937 1145 2015 perpetua
1170 1931 1262 1996 inter-

229 2031 371 2117 cedebat,
405 2035 563 2100 Romanos
595 2033 638 2099 ad
670 2033 901 2116 insequendum
934 2033 1089 2099 tardabat.
1134 2035 1294 2116 iamquec

228 2134 288 2202 hoc
309 2136 413 2202 facere
431 2143 527 2203 noctu
540 2136 747 2221 apparabant,
770 2156 841 2201 cum
855 2137 1110 2202 matresfamiliae
1131 2141 1261 2220 repente
1375 2191 1376 2194 ,

188 2315 190 2318 ,
227 2238 261 2303 in
283 2239 443 2323 publicum
466 2245 686 2324 procurrerunt
707 2239 882 2322 flentesque
911 2239 1069 2324 proiectae
1091 2238 1134 2305 ad
1162 2238 1260 2324 pedes

228 2360 354 2408 suorum
377 2343 523 2409 omnibus
544 2343 691 2427 precibus
714 2342 881 2427 petierunt,
904 2361 1003 2408 nese
1026 2348 1057 2408 et
1079 2363 1260 2408 communes

227 2443 342 2510 hberos
363 2445 505 2512 hostibus
527 2444 568 2510 ad
591 2445 779 2529 supplicium
794 2444 954 2526 dederent,
978 2464 1055 2527 quos
1077 2444 1118 2509 ad
1138 2445 1259 2528 capien-

228 2545 302 2611 dam
324 2547 433 2632 fugam
454 2553 586 2614 naturae
609 2553 641 2612 et
663 2547 776 2612 virium
797 2545 963 2611 infirmitas
985 2545 1159 2630 impediret.
1205 2547 1293 2615 ubis

229 2668 283 2714 eos
311 2649 345 2714 in
375 2650 533 2715 sententia
561 2655 702 2734 perstare
724 2648 879 2732 viderunt,
910 2647 993 2730 quod
1022 2649 1204 2732 plerumque
1225 2649 1259 2714 in

228 2771 349 2818 summo
371 2753 509 2837 periculo
530 2753 623 2818 timor
644 2749 889 2818 misericordiam
910 2771 974 2816 non
996 2751 1116 2834 recipit,
1140 2753 1260 2818 concla

228 2875 315 2920 mare
337 2861 369 2920 et
390 2855 632 2940 significarede
654 2855 731 2939 fuga
752 2851 901 2920 Romanis
924 2859 1102 2936 coeperunt.
1141 2873 1202 2936 quo
1224 2854 1292 2923 tis

227 2978 314 3025 more
342 2959 497 3044 perterriti
520 2959 610 3042 Galli,
640 2979 682 3024 ne
710 2957 751 3022 ab
782 2956 922 3039 equitatu
947 2956 1157 3020 Romanorum
1188 2958 1259 3022 viae

227 3067 539 3147 praeoccuparentur,
563 3061 691 3128 consilio
713 3060 908 3125 destiterunt.
928 3099 929 3106 .

330 3165 465 3231 XXVII.
495 3165 623 3240 Postero
646 3163 697 3228 die
721 3164 837 3230 Caesar
858 3168 1000 3246 promota
1022 3161 1099 3227 turri
1121 3161 1291 3232 directis-1

228 3289 289 3354 que
304 3255 461 3355 operibus,
484 3287 565 3352 quae
579 3267 684 3332 facere
698 3266 885 3349 instituerat,
907 3285 1023 3349 magno
1039 3270 1143 3331 coorto
1157 3264 1258 3332 imbre

227 3395 291 3440 nou
312 3373 455 3439 inutilem
476 3371 560 3438 hanc
581 3369 622 3436 ad
644 3368 832 3454 capiendum
855 3368 1017 3434 consilium
1039 3373 1258 3454 tempestatem

226 3478 396 3546 arbitratus
422 3482 479 3558 est,
510 3474 593 3559 quod
622 3473 716 3560 paulo
744 3471 901 3538 incautius
930 3470 1088 3538 custodias
1113 3472 1147 3536 in
1169 3491 1257 3536 muro

227 3582 397 3670 dispositas
418 3580 557 3664 videbat,
588 3598 723 3662 suosque
751 3575 931 3660 languidius
960 3576 993 3640 in
1023 3595 1117 3658 opere
1139 3575 1258 3640 versari

227 3687 318 3755 iussit
340 3691 381 3770 et,
404 3682 480 3768 quid
500 3682 569 3750 fieri
590 3684 694 3762 vellet,
718 3679 863 3746 ostendit.
907 3677 1146 3761 legionibusque
1176 3678 1290 3746 interr

229 3797 330 3858 castra
351 3789 524 3870 vineasque
544 3785 578 3850 in
601 3785 721 3850 occulto
744 3781 901 3868 expeditis
927 3780 1111 3862 cohortatus,
1141 3786 1177 3846 ut
1204 3780 1258 3845 ali-
