2966 4196
282 221 344 284 172
614 239 665 293 DE
681 239 797 294 BELLO
816 239 978 296 GALLICO

278 409 379 493 gressi
401 409 560 494 pelluntur
581 419 614 476 ct
629 412 708 477 Gaio
724 411 849 478 Valerio
867 413 1081 498 Donnotaoro,
1098 415 1215 482 Caburi
1237 415 1313 498 filio,

278 513 422 597 principe
451 514 598 598 civitatis,
630 515 904 599 compluribusque
933 517 1003 582 aliis
1032 516 1208 584 interfectis
1231 519 1315 584 intra

244 615 396 699 ooppida
424 635 463 681 ac
492 636 597 683 muros
628 617 864 701 compelluntur.
910 618 1096 704 Allobroges
1125 621 1244 688 crebris
1272 621 1316 686 ad

278 717 467 784 Rhodanum
489 719 650 804 dispositis
672 719 839 804 praesidiis
862 741 1072 805 magnacum
1096 743 1171 788 cura
1193 731 1226 803 et
1248 723 1317 790 dili·

245 822 388 906 egentia
410 841 483 888 suos
504 823 585 888 fines
606 829 742 888 tuentur.
788 823 915 908 Caesar,
938 823 1022 906 quod
1045 825 1151 890 hostes
1174 826 1316 908 equitatu

279 926 455 1009 superiores
478 945 549 992 esse
571 926 780 1009 intellegebat
803 932 835 990 ct
855 925 1034 993 interclusis
1057 929 1203 994 omnibus
1226 928 1316 993 itine-

279 1027 366 1094 ribus
388 1029 476 1094 nulla
496 1049 531 1094 11
554 1049 595 1094 cx
610 1029 775 1113 provincia
788 1035 884 1112 atque
899 1029 993 1094 111111
1007 1031 1167 1097 sublevari
1181 1037 1315 1115 poterat,

279 1137 366 1197 trans
394 1130 541 1196 Rhenum
569 1131 603 1196 in
634 1131 837 1196 Germaniam
870 1132 967 1196 mittit
999 1132 1042 1197 ad
1075 1153 1130 1198 eas
1160 1133 1315 1216 ciuitates,

280 1253 359 1316 quas
374 1233 588 1317 superioribus
603 1232 697 1298 annis
718 1240 900 1319 pacaverat,
924 1235 1110 1319 equitesque
1132 1236 1173 1301 ab
1197 1235 1247 1302 his
1269 1257 1315 1300 ar-

280 1334 375 1401 cessit
390 1341 422 1400 et
442 1335 524 1401 levis
545 1342 724 1401 armaturae
745 1334 879 1420 pedites,
903 1337 957 1419 qui
978 1339 1061 1403 inter
1084 1359 1138 1404 eos
1167 1338 1315 1422 proeliari

246 1445 479 1505 sconsuerant.
524 1460 632 1504 corum
660 1439 811 1524 adventu,
835 1441 919 1525 quod
949 1441 1054 1507 minus
1080 1441 1203 1507 idoneis
1226 1442 1315 1525 equis

280 1541 459 1623 utebantur,
488 1563 510 1607 a
538 1542 672 1608 tribunis
701 1543 833 1608 militum
864 1544 1054 1627 reliquisque
1077 1544 1235 1626 equitibus
1257 1547 1316 1610 Rc-

279 1645 383 1710 manis
404 1651 500 1728 atque
522 1647 661 1712 evocatis
681 1666 778 1728 equos
793 1647 887 1711 sumit
903 1647 1130 1730 Germanisque
1146 1647 1314 1712 distribuit.
1330 1693 1331 1696 ,

248 1768 262 1817 ι
383 1749 497 1814 LXVI.
541 1750 669 1814 Interea
697 1749 773 1813 dum
802 1748 882 1814 haee
910 1755 1070 1833 gemntur,
1101 1749 1238 1815 hostium
1268 1771 1316 1815 co-

280 1851 353 1934 piae
376 1871 418 1916 11
440 1851 592 1917 Arvernis
615 1851 809 1936 equitesque,
833 1851 887 1934 qui
909 1852 966 1916 toti
989 1852 1111 1917 Galliae
1142 1859 1233 1917 erant
1260 1853 1317 1917 im-

247 1955 392 2038 1111111,
417 1954 618 2021 conveniunt.
665 1975 781 2039 magno
807 1954 919 2020 horum
942 1961 1049 2020 coacto
1076 1975 1216 2038 numero,
1245 1975 1314 2020 cum

283 2057 401 2123 Caesar
431 2058 464 2122 in
487 2059 650 2141 Sequanos
679 2077 736 2142 per
766 2063 924 2122 extremos
946 2057 1126 2140 Lingonum
1154 2058 1234 2124 fines
1256 2057 1318 2123 iter

282 2159 410 2243 faceret,
442 2180 503 2242 quo
532 2160 657 2225 facilius
687 2159 861 2226 subsidium
891 2159 1073 2244 provinciae
1102 2160 1177 2225 ferri
1199 2168 1315 2245 posset,

283 2261 404 2326 circiter
426 2262 513 2326 111111
533 2282 685 2346 passuum
708 2262 818 2327 decem
840 2264 881 2328 ab
904 2263 1055 2328 Romanis
1086 2263 1176 2328 trinis
1207 2264 1317 2330 castris

282 2364 522 2447 Vercingetorix
545 2363 687 2430 consedit
710 2365 953 2447 convocatisque
975 2364 1017 2429 ad
1040 2366 1205 2432 concilium
1229 2345 1317 2450 prac-

249 2488 264 2534 1
283 2467 373 2532 fectis
396 2467 536 2549 equitum
559 2468 685 2533 venisse
708 2473 833 2552 tempus
855 2468 1005 2532 victoriae
1034 2467 1241 2533 demonstrat:
1271 2469 1318 2534 fu-

248 2589 358 2654 ngere
379 2570 413 2635 in
435 2571 629 2655 provinciam
652 2572 812 2636 Romanos
831 2571 996 2652 Galliaque
1019 2570 1183 2636 excedere.
1207 2571 1241 2636 id
1256 2571 1317 2637 sibi

282 2671 324 2738 ad
354 2681 554 2757 praesentem
588 2673 793 2739 obtinendam
826 2674 1006 2737 libertatem
1045 2673 1122 2738 ratis
1155 2694 1239 2757 esse;
1274 2672 1316 2738 ad

282 2776 394 2859 reliqui
413 2778 563 2860 temporis
585 2796 695 2861 pacem
712 2783 808 2859 atque
823 2777 920 2841 otium
942 2796 1053 2859 parum
1075 2775 1198 2861 prolici3
1222 2775 1317 2840 maio·

282 2879 368 2944 ribus
392 2879 476 2943 enim
498 2879 614 2944 coactis
636 2879 734 2962 copiis
753 2897 933 2944 reversuros
949 2898 1052 2959 neque
1066 2877 1162 2943 finem
1177 2877 1316 2944 bellandi

249 2982 430 3050 electuros.
475 2980 608 3066 proinde
637 2981 670 3045 in
700 2982 829 3064 agmine
858 2980 1027 3064 impeditos
1053 2979 1244 3046 adoriantur.
1291 2980 1317 3044 si

283 3083 407 3169 pedites
430 3083 495 3148 suis
517 3083 671 3148 auxilinm
694 3083 798 3148 ferant
819 3089 915 3165 atque
937 3083 971 3147 in
994 3103 1031 3147 eo
1058 3087 1228 3162 morentur,
1258 3082 1318 3146 iter

284 3188 389 3252 facere
418 3208 481 3252 111
511 3207 618 3272 posse;
649 3186 684 3268 si,
715 3185 749 3250 id
771 3185 854 3269 quod
885 3187 986 3270 magis
1009 3183 1317 3268 suturumconlidat,

283 3289 400 3354 relictis
422 3289 655 3373 impedimentis
677 3309 754 3354 suae
774 3287 866 3354 saluti
882 3288 1056 3372 consulant,
1080 3293 1112 3352 et
1133 3306 1192 3352 usu
1214 3306 1318 3352 rerum

250 3413 266 3461 1
285 3392 531 3456 necessariarum
547 3399 580 3457 et
590 3392 746 3476 dignitate
760 3392 928 3476 spoliatum
943 3389 990 3455 iri.
1014 3411 1088 3455 nam
1104 3388 1145 3455 dc
1160 3389 1319 3472 equitibus

283 3495 428 3579 hostium,
459 3496 534 3578 quin
561 3515 653 3561 nemo
676 3516 782 3561 eorum
804 3492 951 3578 progredi
974 3492 1066 3557 modo
1089 3497 1181 3557 extra
1202 3510 1320 3574 agmen

283 3599 409 3682 audeat,
432 3619 474 3663 ne
495 3599 581 3683 ipsos
603 3598 728 3682 quidem
752 3597 868 3662 dehere
887 3594 1040 3660 dubitare.
1072 3594 1181 3676 idque
1201 3593 1320 3658 maiore

283 3702 403 3766 faciant
424 3701 540 3783 animo,
565 3701 671 3784 copias
693 3720 727 3765 se
743 3718 852 3765 omnes
874 3719 931 3783 pro
952 3698 1062 3763 castris
1084 3696 1265 3760 habiturum
1289 3701 1321 3760 ct

251 3804 393 3870 rterrori
409 3802 552 3868 hostibus
567 3802 714 3866 loturum.
746 3801 944 3866 conclamant
967 3799 1098 3882 equites,
1121 3798 1320 3881 sanctissimo
