2966 4196
368 268 475 325 COMM.
487 269 551 324 VII.
571 267 653 323 CAP.
667 269 919 324 XXXI-XXXV.
1097 253 1157 317 155

125 445 334 522 senatumque
360 459 487 504 ornnem
514 445 545 504 et
572 459 650 523 quos
672 439 754 504 inter
776 439 988 506 controversia
1011 446 1094 504 esset
1116 439 1157 504 ad

126 562 160 608 se
181 543 346 608 Decetiam
368 543 522 608 evocavit.
557 562 626 607 cum
649 561 748 627 prope
770 542 871 608 omnis
894 542 1005 607 civitas
1028 563 1064 608 eo
1088 563 1191 612 oon-s

126 645 266 711 venisset
288 644 523 728 docereturque,
545 645 654 729 paucis
677 646 757 710 clam
785 647 965 710 conuocatis
986 646 1048 711 alio
1077 647 1155 732 loco,

125 750 188 814 alio
217 754 368 834 tempore,
398 754 493 831 atque
521 749 701 833 oportuerit,
731 749 860 814 fratrem
886 748 1023 830 asratre
1045 769 1156 814 renun-

125 852 247 936 tiatum,
271 871 342 916 curn
362 851 450 936 leges
473 849 535 917 duo
558 871 599 916 ex
620 872 685 916 una
706 851 826 916 familia
844 851 917 916 uiuo
939 858 1070 934 utroque
1092 872 1155 916 non

125 956 227 1020 solum
249 954 450 1037 magistratus
473 955 572 1019 creari
593 961 747 1038 vetarent,
779 953 836 1020 sed
865 955 959 1020 etiam
988 954 1022 1018 in
1044 960 1156 1018 senatu

125 1077 196 1122 esse
232 1057 448 1141 prohiberent,
486 1057 598 1123 Cotum
639 1057 806 1142 imperium
847 1055 1005 1141 deponere
1042 1055 1154 1140 coegit,

125 1160 417 1243 Conuictolitauem,
451 1159 504 1243 qui
537 1179 595 1243 per
627 1159 805 1225 sacerdotes
834 1179 920 1224 more
953 1157 1089 1224 civitatis
1111 1158 1155 1224 in·

124 1263 278 1328 termissis
313 1261 550 1346 magistratibus
587 1269 670 1328 esset
706 1268 846 1346 oreatus,
880 1268 1069 1348 potestatem
1102 1263 1154 1328 ob·

123 1367 226 1430 tinere
247 1365 346 1430 iussit.

227 1468 377 1533 XXXIV.
401 1469 469 1534 Hoc
484 1467 609 1534 decreto
624 1468 807 1552 interposito
824 1469 1002 1534 cohortatus
1016 1468 1151 1553 Aeduos,
1174 1491 1184 1537 1

123 1580 160 1637 ut
182 1570 462 1637 controversiarum
485 1590 523 1636 ac
544 1570 748 1636 dissensionis
775 1571 1033 1636 obliviscerentur
1058 1577 1153 1654 atque

123 1674 271 1740 omnibus
293 1673 417 1740 omissis
438 1675 533 1739 rebus
555 1673 628 1738 huic
650 1674 733 1738 bello
756 1673 910 1738 servirent
932 1693 1041 1758 eaque,
1072 1695 1152 1756 qnae

123 1777 322 1860 meruissent,
349 1777 490 1862 praemia
515 1776 557 1841 ab
584 1797 618 1842 se
647 1775 773 1842 devicta
802 1776 903 1842 Gallia
932 1783 1153 1860 exspectarent

124 1881 360 1964 equitatumque
382 1898 508 1945 ornnem
530 1885 562 1944 et
583 1879 724 1964 peditum
746 1879 833 1944 milia
855 1878 965 1944 decem
987 1880 1048 1945 sibi
1075 1880 1152 1946 cele

123 1984 199 2048 riter
220 1983 389 2067 mitterent,
414 2002 495 2066 quae
516 1983 549 2047 in
564 1981 731 2067 praesidiis
752 1981 798 2047 rei
813 1981 1034 2047 frumentariae
1057 2003 1152 2048 causa

123 2087 313 2172 disponeret,
344 2086 516 2152 exercitum
546 2086 579 2150 in
609 2085 687 2150 duas
717 2091 823 2170 partes
852 2084 972 2150 divisit:
1007 2092 1185 2169 quattuora

112 2191 264 2276 -legiones
286 2189 320 2254 in
335 2190 476 2256 Senones
494 2188 693 2272 Parisiosque
708 2189 848 2254 Labieno
870 2188 1031 2255 ducendas
1054 2188 1150 2276 dedit,

122 2315 181 2360 sex
203 2294 272 2378 ipse
294 2293 327 2357 in
349 2293 509 2357 Aruernos
530 2291 573 2356 ad
595 2291 745 2377 oppidum
768 2293 957 2376 Gergoviam
978 2292 1151 2358 secundum

123 2398 239 2462 flumen
253 2396 369 2460 Elauer
391 2393 495 2480 duxit3
519 2395 675 2477 equitatus
697 2401 820 2478 partem
842 2395 887 2460 illi
909 2396 1060 2480 attribuit,
1083 2417 1151 2480 par-

122 2509 186 2566 tem
209 2499 270 2566 sibi
292 2497 425 2582 reliquit.
456 2518 519 2581 qua
541 2517 575 2562 re
597 2497 724 2580 cognita
745 2498 983 2581 Vercingetorix
1005 2500 1184 2568 omnibuss

122 2602 303 2687 interruptis
325 2601 392 2666 eius
414 2599 551 2666 fluminis
573 2600 721 2684 pontibus
740 2600 781 2664 ab
796 2601 895 2665 altera
910 2600 1046 2665 fluminis
1060 2608 1151 2685 parte

121 2709 181 2772 iter
202 2706 308 2770 facere
330 2703 442 2787 eoepit.

224 2807 358 2872 XXXV.
405 2806 483 2872 Cum
512 2811 644 2888 uterque
672 2805 796 2887 utrique
825 2811 909 2871 esset
938 2807 1094 2873 exereitus
1116 2808 1180 2878 int

121 2917 292 2996 conspectu
314 2909 443 2991 fereque
465 2928 483 2973 e
504 2908 633 2991 regione
656 2909 765 2973 castris
796 2914 899 2972 castra
920 2916 1059 2995 poneret,
1090 2910 1150 2977 dis-

120 3015 231 3100 positis
251 3011 508 3097 exploratoribus,
531 3010 646 3075 necubi
661 3011 772 3075 effecto
786 3016 882 3094 ponte
896 3013 1029 3078 Romani
1044 3014 1150 3098 copias

121 3116 330 3200 traducerent,
355 3115 476 3179 eratin
502 3113 626 3197 magnis
650 3113 794 3180 Caesaris
823 3113 1059 3182 difficultatibus
1087 3137 1147 3201 res,
1167 3139 1182 3185 a

119 3241 161 3286 ne
182 3219 333 3284 maiorem
355 3217 483 3282 aestatis
513 3223 635 3300 partem
664 3215 793 3280 flumine
822 3216 1034 3302 impediretur,
1065 3220 1149 3304 quod

118 3343 183 3388 non
198 3321 265 3386 fere
280 3327 355 3386 ante
370 3326 554 3384 autumnum
565 3319 679 3383 Elaver
690 3317 773 3383 vado
788 3320 913 3384 transiri
929 3321 1016 3386 solet.
1032 3321 1148 3407 itaque,
1167 3343 1183 3391 a

3 3481 4 3486 ,
119 3445 160 3492 ne
189 3424 223 3489 id
252 3423 417 3508 accideret,
448 3422 584 3489 silvestri
612 3423 679 3488 loco
710 3423 820 3488 castris
848 3423 958 3508 positis
981 3443 999 3489 e
1020 3426 1149 3509 regione

118 3526 212 3593 unius
242 3547 348 3592 eorum
377 3526 528 3610 pontium,
559 3544 637 3608 quos
659 3525 898 3608 Vercingetorix
924 3527 1148 3594 rescindendos

119 3635 292 3713 curaverat,
314 3634 439 3712 postero
462 3627 513 3692 die
536 3645 607 3694 cum
629 3626 751 3693 duabus
773 3628 950 3712 legionibus
972 3631 1005 3694 in
1028 3631 1147 3696 occulto
1192 3643 1196 3652 '

118 3732 246 3816 restitit,
276 3732 413 3814 reliquas
442 3729 549 3814 copias
580 3750 650 3794 cum
680 3730 824 3796 omnibus
847 3730 1090 3816 impedimentis,
1113 3740 1181 3803 utc

118 3840 334 3918 consueverat,
365 3833 449 3898 misit
478 3833 522 3897 ita
554 3833 670 3898 laxatis
700 3832 886 3919 cohortibus,
920 3835 966 3900 uti
998 3855 1147 3902 numerus
