2936 4192
263 299 303 362 70
594 316 643 369 DE
660 315 779 370 BELLO
796 315 957 372 GALLICO

260 494 471 572 revertrmtur;
496 487 549 570 qui
571 487 604 551 in
627 487 739 552 itinere
759 487 919 571 congressi
941 509 1141 575 magnopere,
1165 511 1206 557 nc
1227 492 1289 556 lon-

226 591 331 673 agius
353 589 601 674 progrederetur,
625 591 766 655 orabant.
812 609 883 654 oum
912 589 945 654 id
967 612 1031 656 non
1058 592 1291 676 impetrassent,

259 695 420 776 petebant,
444 693 489 756 uti
511 691 553 756 ad
575 712 629 758 eos
659 691 790 776 equites,
821 693 875 774 qui
896 713 1012 776 agmen
1034 695 1291 777 antecessissent,

259 795 473 878 praemitteret
503 815 618 876 cosque
647 814 755 878 pugna
785 794 974 878 prohiberet,
1005 797 1129 879 sibique
1151 803 1186 862 ut
1207 805 1291 882 pote·

226 903 373 964 estatem
406 896 524 962 faceret
556 897 589 961 in
623 897 722 962 Ubios
754 898 874 980 legatos
907 898 1065 982 mittendi3
1101 920 1231 981 quorum
1263 902 1290 968 si

259 999 417 1083 principes
446 1020 485 1064 ac
514 1007 642 1064 senatus
672 999 733 1064 sibi
755 998 953 1064 iureiurando
976 1000 1071 1066 fidem
1094 1001 1229 1086 fecisset,
1253 1024 1289 1068 ea

260 1101 452 1186 condicione,
477 1122 558 1184 quae
579 1123 600 1166 a
623 1102 758 1168 Caesare
780 1101 921 1185 ferrebrr,
953 1123 988 1168 se
1016 1123 1126 1169 usuros
1148 1105 1290 1170 ostende·

259 1205 350 1289 bant;
373 1203 416 1268 ad
437 1204 496 1270 has
517 1223 568 1269 res
591 1203 801 1268 conficiendas
823 1204 884 1269 sibi
907 1204 1001 1270 tridui
1028 1207 1165 1289 spatium
1191 1205 1287 1272 daret.

226 1305 339 1374 4haeo
361 1306 467 1371 omnia
489 1307 606 1373 Caesar
629 1305 738 1371 eodem
760 1306 813 1372 illo
834 1307 992 1390 pertinere
1013 1309 1233 1391 arbitrabatur,
1256 1319 1292 1374 ut

260 1408 354 1473 tridui
376 1429 463 1473 mora
485 1408 669 1492 interposita
691 1409 813 1490 equites
835 1429 950 1490 eorum,
975 1409 1028 1492 qui
1057 1413 1215 1492 abessent,
1245 1432 1290 1476 re-

260 1519 467 1596 verterentur,
499 1519 604 1576 tamen
634 1531 704 1576 sese
734 1531 797 1576 non
826 1511 950 1596 longius
983 1513 1108 1578 milibus
1141 1533 1290 1596 passuum

226 1634 242 1682 s
261 1621 405 1696 quattuor
427 1613 604 1696 aquationis
628 1633 722 1678 causa
744 1634 961 1697 processurum
984 1635 1021 1679 eo
1037 1614 1089 1680 die
1111 1615 1206 1680 dixit:
1229 1615 1290 1680 huc

259 1725 383 1800 postero
405 1716 457 1781 die
473 1737 567 1799 quarn
582 1716 826 1798 frequentissimi
842 1717 1055 1798 convenirent,
1079 1725 1113 1782 ut
1128 1717 1169 1783 de
1184 1739 1290 1783 corum

226 1819 424 1904 apostulatis
446 1825 657 1904 cognosceret.
702 1819 828 1884 interim
849 1818 891 1884 ad
920 1819 1105 1902 praefectos,
1137 1821 1190 1903 qui
1219 1841 1289 1886 cum

259 1921 345 2005 omni
368 1921 508 2004 equitatu
537 1929 782 2003 antecesserant,
812 1922 916 2002 mittit,
948 1923 1001 2004 qui
1029 1923 1219 2004 nuntiarent,
1249 1943 1292 1988 ne

259 2023 366 2089 hostes
387 2023 504 2108 proelio
526 2024 717 2090 lacesserent
740 2031 780 2106 et,
804 2025 831 2089 si
853 2025 915 2108 ipsi
937 2025 1173 2105 lacesserentur,
1201 2025 1290 2090 susti-

259 2132 380 2206 nerent,
405 2124 509 2208 quoad
531 2125 599 2208 ipse
622 2146 692 2190 cum
716 2127 856 2190 exercitu
878 2126 1006 2210 propius
1028 2127 1222 2192 accessisset.

227 2248 241 2296 1
354 2228 435 2291 XII.
481 2227 523 2290 At
545 2225 660 2308 hostes,
684 2227 738 2292 ubi
760 2227 895 2310 primum
917 2235 1039 2293 nostros
1069 2229 1190 2311 equites
1220 2249 1290 2294 con-

260 2336 441 2412 spexerunt,
472 2349 602 2412 quorum
632 2335 698 2392 erat
727 2329 756 2392 V
785 2330 904 2394 milium
938 2350 1094 2411 numerus,
1129 2351 1199 2395 cum
1228 2331 1288 2414 ipsi

259 2451 323 2496 non
352 2430 487 2514 amplius
516 2430 713 2514 octingentos
744 2432 865 2513 equites
888 2432 1050 2513 haberent,
1075 2433 1158 2516 quod
1179 2434 1211 2514 ii,
1236 2436 1288 2516 qui

259 2532 472 2598 frumcntmli
488 2553 582 2598 causa
596 2533 698 2598 ierant
713 2541 799 2598 trans
814 2533 943 2615 Mosam,
966 2535 1105 2599 nondum
1121 2535 1289 2615 redierant,

259 2637 338 2702 nihil
359 2637 542 2702 timentibus
561 2635 684 2719 nostris,
708 2635 792 2717 quod
812 2637 909 2722 legati
932 2657 1037 2701 eorum
1059 2639 1151 2720 paulo
1173 2635 1288 2703 antea

260 2739 395 2806 Caesare
409 2823 410 2827 Ἰ
424 2738 636 2804 discesserant
664 2745 760 2830 atque
788 2738 815 2803 is
837 2738 906 2803 dies
935 2738 1065 2804 indutiis
1087 2747 1154 2804 erat
1176 2743 1216 2805 ab
1240 2741 1290 2804 his

258 2842 384 2925 petitus,
418 2841 538 2924 impetu
570 2840 653 2906 facto
684 2842 826 2906 celeriter
858 2849 997 2906 nostros.
1012 2845 1288 2926 perturbaverunt,

226 2963 365 3012 arursus
387 2943 613 3024 resistentibus,
637 2942 861 3008 consuetudine
884 2963 941 3008 sua
962 2942 1003 3007 ad
1033 2942 1130 3027 pedes
1159 2943 1291 3010 desilue

259 3051 341 3126 runt,
364 3045 505 3110 suffossis
528 3046 616 3127 equis
639 3045 910 3128 compluribusque
933 3045 1047 3110 nostris
1070 3045 1200 3110 deiectis
1222 3047 1290 3112 reli-

226 3142 228 3148 ’
260 3167 338 3230 qnos
359 3147 393 3210 in
415 3146 523 3230 fugam
539 3147 738 3212 coniecerunt
759 3153 855 3230 atque
877 3147 922 3210 ita
943 3147 1124 3230 perterritos
1147 3155 1289 3232 egerunt,

259 3256 295 3315 ut
316 3270 379 3314 non
402 3250 487 3332 prius
506 3249 583 3332 fuga
597 3248 793 3330 desisterent,
818 3269 911 3331 quam
926 3249 959 3312 in
976 3257 1177 3332 conspectum
1192 3251 1291 3334 agmi-

225 3349 310 3421 ¹unis
340 3351 438 3416 nostri
467 3352 637 3416 venissent.
667 3350 701 3415 in
729 3371 765 3416 eo
792 3351 908 3434 proelio
931 3371 972 3416 ex
996 3351 1152 3433 equitibus
1175 3352 1291 3417 nostris

260 3453 489 3518 interficiuntur
512 3460 656 3534 quattuor
678 3459 710 3519 et
731 3454 941 3538 septuaginta,
965 3453 998 3518 in
1021 3453 1070 3518 his
1093 3453 1140 3516 vir
1162 3453 1288 3519 fortissi

226 3575 330 3626 emus
363 3555 435 3622 Piso
469 3555 656 3637 Aquitanos,
690 3556 882 3640 amplissimo
914 3575 1031 3640 genere
1064 3562 1166 3637 natus,
1202 3556 1289 3620 cuius

260 3679 339 3724 avus
361 3660 394 3723 in
410 3659 536 3724 civitate
558 3678 616 3724 sua
630 3679 762 3742 regnum
777 3659 963 3738 obtinuerat,
985 3657 1105 3722 amicus
1119 3659 1160 3722 ab
1176 3665 1287 3723 senatu

227 3783 243 3830 c
261 3769 366 3828 nostro
388 3761 572 3846 appellatus.
617 3759 669 3826 hic
691 3781 762 3825 cum
783 3759 872 3824 fratri
893 3760 1060 3825 intercluso
1082 3761 1123 3826 ab
1147 3759 1288 3828 hostibus

260 3864 412 3930 auxilium
435 3862 539 3945 ferret,
562 3863 649 3927 illurn
672 3884 712 3928 ex
734 3861 871 3947 periculo
887 3862 1010 3947 eripuit,
1035 3863 1101 3946 ipse
1125 3883 1204 3946 equo
1225 3862 1287 3928 uul-
