2936 4192
459 237 567 292 COMM.
581 238 634 292 III.
653 237 735 292 OAP.
748 239 904 294 Xl-XIV.
1151 224 1192 288 57

161 411 226 478 vim
253 418 286 478 et
312 411 534 477 contumeliam
556 409 789 495 perferendam3
816 415 953 476 transtra
974 409 1139 495 pedalibus
1161 411 1229 484 int

158 514 362 580 altitudinem
387 513 531 580 trabibus
558 512 683 577 confixa
705 513 803 578 clavis
825 511 934 578 ferreis
957 512 1048 596 digiti
1074 514 1195 598 pollicis

160 600 385 701 crassitudine;
401 635 537 681 ancorae
551 635 608 699 pro
623 614 751 681 funibus
762 614 872 680 ferreis
884 615 1004 681 catenis
1017 616 1192 702 revinctae;
1212 640 1227 685 o

161 721 260 805 pelles
282 740 339 805 pro
354 719 434 784 velis
448 719 616 801 alutaeque
631 718 767 782 tenuiter
782 717 954 800 confectae,
978 718 1045 784 sive
1066 727 1193 804 propter
1211 741 1227 788 s

160 824 219 887 lini
241 823 382 906 inopiam
404 827 500 903 atque
523 821 591 886 eius
612 839 687 886 usus
709 820 918 902 inscientiam,
946 822 1014 886 sive
1036 842 1082 904 eo,
1110 822 1194 905 quod

159 933 209 990 est
243 926 346 1009 magis
375 923 554 1004 verisimile,
589 922 673 1006 quod
705 930 811 988 tantas
843 930 1047 1008 tempestates
1074 924 1193 992 Oceani

159 1033 330 1110 tantosque
360 1026 496 1111 impetus
526 1031 691 1092 ventorum
723 1026 870 1092 sustineri
902 1046 942 1091 ao
974 1033 1064 1092 tanta
1097 1047 1193 1093 onera

161 1131 291 1194 navium
313 1129 382 1214 regi
405 1129 485 1194 velis
506 1149 570 1194 non
593 1128 670 1194 satis
693 1128 854 1194 commode
879 1149 972 1214 posse
998 1129 1193 1196 arbitraban-

159 1223 234 1298 tur.
252 1252 325 1298 cum
346 1232 397 1297 his
418 1232 555 1298 navibus
578 1237 702 1296 nostrae
725 1231 817 1296 classi
826 1231 984 1296 eiusmodi
1007 1253 1225 1316 congressune

161 1342 238 1416 erat,
262 1341 297 1399 ut
318 1355 383 1398 una
406 1334 566 1399 eeleritate
593 1340 624 1398 et
649 1333 742 1417 pulsu
763 1353 919 1398 remorum
940 1341 1125 1418 praestaret,
1147 1357 1193 1402 re-

159 1438 248 1519 liqua
276 1457 333 1521 pro
363 1437 424 1501 loci
453 1442 577 1517 natura,
610 1456 666 1520 pro
688 1436 721 1500 vi
748 1442 970 1519 tempestatum
995 1438 1058 1504 illis
1088 1446 1193 1504 essent

158 1539 284 1623 aptiora
306 1544 338 1604 et
359 1537 651 1603 accommodatiora.
689 1559 793 1621 neque
815 1540 899 1604 enim
921 1539 971 1605 bis
1000 1548 1125 1607 nostrae
1146 1562 1227 1611 ros

157 1649 225 1708 stro
254 1661 368 1707 nocere
397 1647 543 1725 poterant
572 1678 614 1689 -
641 1648 731 1705 tanta
760 1641 793 1706 in
820 1643 859 1707 iis
882 1649 949 1706 erat
970 1642 1127 1709 firmitudo
1149 1683 1193 1692 —

159 1765 265 1827 neque
293 1750 421 1829 propter
449 1743 649 1809 altitudinem
682 1743 775 1808 facile
807 1745 904 1810 telum
933 1745 1130 1828 adigebatur,
1161 1754 1192 1812 et

158 1848 274 1914 eadem
297 1847 337 1912 de
360 1867 457 1912 causa
478 1847 582 1912 minus
605 1845 767 1912 commode
790 1846 908 1930 copulis
940 1848 1190 1915 continebantur.

156 1949 343 2031 accedebat,
367 1957 411 2031 ut,
435 1970 506 2014 cum
528 1950 651 2016 saevire
674 1955 788 2014 ventus
812 1948 965 2032 coepisset
985 1955 1017 2014 et
1038 1969 1073 2014 se
1095 1958 1224 2020 ventos

157 2053 333 2136 dedissent,
368 2059 399 2118 et
432 2059 652 2137 tempestatem
682 2051 800 2116 ferrent
829 2051 953 2116 facilius
980 2058 1011 2116 et
1040 2052 1193 2120 invadis

158 2157 369 2222 consisterent
398 2156 495 2222 tutius
526 2163 557 2220 et
585 2158 627 2221 ab
658 2160 749 2220 aestu
777 2154 906 2220 relictae
935 2153 1015 2218 nihil
1048 2175 1128 2222 saxa
1162 2163 1193 2222 et

159 2265 270 2324 cautes
292 2258 611 2343 timerentpquarum
632 2277 736 2321 rerum
759 2257 898 2321 omnium
920 2257 1035 2324 nostris
1058 2259 1194 2326 navibus

159 2381 254 2427 casus
278 2367 344 2425 erat
367 2359 632 2426 extimescendas.

265 2463 353 2527 XIV.
389 2462 607 2546 Compluribus
630 2462 821 2544 expugnatis
843 2462 966 2546 oppidis
990 2464 1116 2545 caesar,
1140 2466 1225 2535 ubir

159 2565 318 2630 intellexit
348 2563 464 2629 frustra
492 2570 616 2628 tantum
644 2563 785 2629 laborem
815 2563 905 2644 sumi,
933 2584 1036 2646 neque
1058 2565 1195 2632 bostium

161 2668 272 2750 fugam
306 2667 407 2750 captis
441 2665 566 2750 oppidis
595 2665 722 2749 reprimi
751 2685 854 2747 neque
882 2665 923 2730 iis
952 2667 1058 2730 noceri
1090 2661 1193 2750 posse,

161 2771 271 2836 statuit
305 2769 553 2854 exspectandam
587 2769 728 2833 classem.
774 2786 855 2849 quac
888 2767 943 2833 ubi
976 2769 1123 2834 convenit
1156 2791 1227 2840 aea

163 2874 297 2956 primum
319 2873 360 2936 ab
383 2871 525 2938 hostibus
540 2872 610 2936 visa
625 2875 681 2950 est,
706 2869 828 2936 circiter
844 2870 960 2937 CCXX
974 2889 1072 2936 naves
1088 2891 1195 2938 eorum

163 2975 382 3058 paratissimae
410 2981 506 3057 atque
536 2976 620 3040 omni
650 2993 767 3058 genere
797 2992 955 3038 armorum
977 2974 1195 3042 ornatissimae

157 3077 323 3161 profectae
346 3097 387 3140 ex
410 3083 501 3161 portu
524 3076 638 3142 nostris
660 3075 814 3140 adversae
842 3076 1060 3162 constiterunt;
1091 3098 1228 3162 nequeo

162 3181 239 3245 satis
255 3181 361 3260 Bruto,
386 3179 440 3261 qui
462 3179 555 3244 classi
576 3183 730 3264 praeerat,
750 3178 802 3243 vel
823 3177 957 3244 tribunis
977 3180 1110 3245 militum
1126 3201 1195 3246 cen-

163 3283 410 3364 turionibusque,
445 3282 558 3364 quibus
588 3281 732 3366 singulae
760 3300 859 3346 naves
893 3288 982 3346 erant
1014 3284 1194 3366 attributae,

163 3385 338 3466 constabat,
370 3383 446 3466 quid
475 3390 606 3468 agerent
633 3389 688 3448 aut
712 3403 806 3465 quam
828 3383 981 3449 rationem
1002 3406 1129 3471 pugnae
1151 3387 1195 3452 in·

162 3489 319 3554 sisterent.
365 3494 463 3552 rostro
498 3487 582 3551 enim
614 3487 721 3552 noceri
751 3506 814 3552 non
843 3507 936 3570 posse
968 3496 1229 3574 cognoverant54
1287 3542 1290 3546 ,

162 3591 300 3656 turribus
322 3595 428 3654 autern
452 3589 607 3672 excitatis,
630 3595 737 3655 tamen
760 3588 818 3655 has
833 3589 964 3655 altitudo
987 3591 1139 3676 puppium
1154 3611 1195 3656 ex

162 3692 306 3759 barbaris
335 3692 471 3757 navibus
498 3693 677 3776 superabat,
704 3698 740 3757 ut
766 3711 869 3773 neque
896 3711 936 3757 ex
958 3692 1106 3759 inferiore
1127 3693 1195 3759 loco

163 3797 239 3861 satis
274 3794 436 3860 commode
468 3794 533 3858 tela
565 3793 653 3876 adigi
682 3799 810 3878 possent
841 3799 872 3858 et
901 3793 997 3858 missa
1027 3797 1068 3861 ab
1097 3795 1195 3861 Gallis
