2936 4192
265 157 308 222 36
600 173 963 231 nnsmmommco

263 365 304 411 ne
327 364 398 410 oum
420 350 510 411 tanta
531 344 732 412 multitudine
750 367 814 413 uno
833 353 975 433 tempore
990 347 1225 433 confligendum
1248 349 1299 416 sit.

228 467 244 516 s
262 447 297 512 id
318 447 387 512 fieri
408 467 511 532 posse,
535 448 562 513 si
584 467 658 514 suas
673 447 780 533 eopias
793 449 896 516 Aedui
917 450 951 516 in
966 450 1047 517 fines
1061 452 1300 520 Bellovaoorum

262 549 494 616 introduxerint
513 556 545 615 et
563 570 670 616 eorum
688 571 781 636 agros
795 552 940 637 populari
955 553 1125 638 coeperint.
1160 575 1231 620 oum
1249 554 1302 621 his

228 651 420 722 emundatis
443 672 515 718 eum
536 652 578 720 ab
600 673 636 720 se
654 653 792 719 dimittit.
816 661 983 739 postquam
1002 675 1113 723 omnes
1131 657 1300 742 Belgarum

263 755 370 839 eopias
398 755 432 820 in
460 775 560 821 unum
588 756 692 822 looum
723 762 848 825 ooaotas
877 757 920 824 ad
946 778 981 825 se
1003 759 1113 826 venire
1134 759 1224 845 vidit,
1249 781 1301 826 ne

263 878 324 942 que
346 857 411 924 iam
432 859 528 942 longe
549 859 673 944 abesse,
697 859 738 925 ab
761 860 810 946 iis,
833 882 912 945 quos
934 862 1073 946 miserat,
1097 863 1299 948 exploratori-

263 961 323 1028 bus
353 968 385 1026 et
413 962 455 1026 ab
486 963 594 1027 Remis
624 963 782 1048 eognovit,
810 963 928 1030 flumen
955 966 1112 1049 Axonam,
1140 965 1225 1049 quod
1252 973 1301 1032 ert

262 1065 296 1129 in
323 1064 474 1130 extremis
495 1065 667 1130 Remorum
693 1064 819 1150 linibus,
849 1067 1023 1132 exereitum
1051 1066 1215 1133 traduoere
1238 1089 1301 1134 ma·

229 1167 380 1236 sturavit
401 1173 497 1251 atque
518 1167 564 1233 ibi
586 1173 689 1233 oastm
709 1169 823 1254 posuit.
862 1189 944 1253 quae
965 1189 1016 1236 res
1039 1175 1071 1235 et
1092 1170 1176 1236 latus
1197 1191 1295 1235 unum

264 1275 435 1336 easuorum
464 1269 542 1354 ripis
571 1269 710 1336 fluminis
740 1271 905 1338 muniebat
933 1277 974 1356 et,
1006 1277 1079 1357 post
1112 1292 1185 1338 eum
1219 1291 1301 1356 quae

264 1379 379 1457 essent,
402 1378 471 1438 tuta
492 1372 534 1438 ab
557 1373 702 1439 hostibus
723 1374 877 1440 reddebat
899 1380 940 1458 et,
964 1381 1157 1440 commeatus
1178 1374 1220 1440 ab
1242 1375 1300 1440 Re·

263 1475 324 1541 mis
345 1475 538 1558 reliquisque
561 1475 743 1541 civitatibus
765 1482 801 1541 ut
822 1477 891 1542 sine
913 1477 1051 1560 perieulo
1073 1476 1116 1542 ad
1138 1496 1211 1542 eum
1232 1497 1301 1562 por-

230 1577 324 1648 etari
354 1565 493 1662 possent,
524 1577 691 1643 efficiebat.
736 1578 770 1643 in
800 1598 838 1644 eo
866 1578 997 1644 flumine
1026 1599 1107 1664 pons
1134 1586 1210 1646 erat.
1254 1580 1300 1646 ibi

263 1680 454 1765 praesidium
483 1680 573 1766 ponit
603 1686 635 1746 et
663 1680 697 1746 in
728 1681 829 1746 altera
857 1687 947 1766 parte
979 1681 1118 1748 fluminis
1148 1681 1299 1759 Quintum

262 1783 418 1849 'litorium
434 1782 588 1850 Sabinum
609 1784 750 1868 legatum
766 1804 838 1850 oum
853 1804 911 1850 sex
934 1783 1115 1851 oohortibus
1136 1784 1300 1870 relinquit,

264 1893 367 1953 caena
387 1887 421 1952 in
443 1886 643 1953 altitudinem
668 1886 785 1972 pedum
807 1888 872 1952 XII
895 1887 978 1952 vallo
1007 1886 1156 1969 fossaque
1185 1885 1301 1952 duode-

263 1990 377 2074 uiginti
399 1990 516 2074 pedum
539 1990 662 2056 munire
684 1989 781 2054 iubet.

231 2116 243 2162 1
366 2094 420 2158 VI.
448 2093 498 2159 Ab
521 2092 572 2158 his
595 2093 705 2158 eastris
727 2091 878 2176 oppidum
894 2093 1063 2158 Remorum
1092 2092 1220 2158 nomine
1249 2093 1301 2157 Bi·

263 2198 344 2262 brax
373 2197 484 2261 aberat
512 2195 599 2260 milia
620 2214 770 2279 passuum
792 2201 871 2260 oete.
916 2193 950 2258 id
972 2213 1014 2259 ex
1043 2195 1156 2260 itinero
1184 2215 1303 2280 magno
1339 2253 1340 2258 ,

230 2300 383 2382 simpetu
406 2299 525 2382 Belgae
547 2316 731 2382 oppugnare
754 2303 934 2381 coeperunt.
979 2316 1075 2381 aegre
1106 2317 1143 2363 eo
1173 2297 1226 2362 die
1252 2317 1300 2363 su·

265 2406 435 2467 stentatum
462 2406 519 2467 est.
566 2400 725 2467 Gallorum
752 2398 863 2464 eadem
890 2406 986 2482 atque
1012 2400 1183 2484 Belgarum
1205 2419 1302 2484 oppu-

263 2504 371 2589 gnatio
399 2509 447 2570 est
472 2502 561 2569 haee.
599 2503 655 2568 ubi
682 2502 882 2568 enoumieota
910 2501 1111 2567 multitudine
1138 2501 1300 2568 hominum

264 2607 337 2673 totis
366 2606 533 2673 moenibus
550 2605 702 2692 ¹undique
732 2605 766 2670 in
797 2624 920 2669 murum
952 2603 1075 2688 lapides
1107 2604 1168 2668 iaoi
1198 2605 1300 2688 coepti

264 2716 337 2775 sunt
359 2729 528 2793 murusque
551 2708 769 2776 defensoribus
791 2707 928 2772 nudatus
951 2711 1008 2789 est,
1035 2706 1194 2772 testudine
1216 2707 1302 2772 faeta

264 2812 437 2877 suooedunt
458 2831 645 2895 murumque
668 2812 830 2877 subruunt.
877 2807 961 2892 quod
983 2814 1050 2872 tum
1072 2808 1166 2874 facile
1193 2808 1298 2875 fiebat.

230 2935 339 2983 enam
362 2934 433 2979 eum
455 2920 546 2980 tanta
567 2912 733 2980 multitudo
754 2911 878 2996 lapides
899 2930 938 2976 ao
965 2911 1028 2975 tela
1050 2911 1240 2994 eonieerent,
1267 2911 1301 2976 in

230 3038 353 3087 rmuro
376 3016 569 3082 consistendi
594 3022 734 3101 potestas
763 3020 830 3078 erat
856 3013 943 3078 nulli.
989 3031 1061 3078 eum
1087 3012 1183 3078 finem
1206 3033 1301 3098 oppu-

264 3118 385 3203 gnandi
406 3139 471 3184 nox
493 3118 630 3201 feoisset,
653 3118 754 3184 locius
776 3118 903 3197 Remus
928 3135 1050 3180 summa
1079 3116 1242 3182 nobilitate
1270 3121 1303 3180 et

264 3223 366 3305 gratia
387 3222 469 3288 inter
491 3241 573 3305 suos,
597 3220 651 3303 qui
675 3227 742 3284 tum
765 3217 881 3302 oppido
903 3224 1056 3302 praeerat,
1079 3238 1162 3283 unus
1191 3238 1232 3282 ex
1251 3217 1301 3300 iis,

266 3324 320 3407 qui
348 3325 446 3408 legati
475 3323 515 3390 de
544 3343 623 3408 paee
650 3323 692 3387 ad
715 3323 883 3388 Caesarem
905 3328 1068 3404 venerant,
1091 3321 1237 3386 nuntium
1259 3317 1301 3384 ad
1402 3373 1404 3378 ,

267 3447 338 3492 eum
360 3427 465 3509 mittit,
488 3425 550 3491 nisi
572 3423 747 3490 subsidium
770 3423 830 3490 sibi
853 3423 1063 3506 submittatur,
1092 3442 1161 3490 sese
1183 3422 1303 3488 diutius

266 3530 421 3596 sustinere
443 3549 505 3595 non
528 3547 630 3612 posse.

197 3711 200 3718 .
235 3658 246 3702 r
368 3633 439 3698 VII.
484 3631 530 3697 Eo
560 3629 601 3696 de
630 3628 736 3694 media
766 3635 857 3694 noete
881 3629 996 3695 Caesar
1025 3629 1138 3694 iisdem
1168 3628 1304 3694 dueibus

266 3739 350 3821 usus,
382 3735 436 3818 qui
464 3733 567 3799 nuntii
595 3733 636 3798 ab
666 3733 750 3796 Ieoio
772 3737 935 3814 venerant,
959 3730 1114 3796 Numidas
1138 3737 1169 3796 et
1193 3732 1305 3798 Cretas
