2966 4196
534 201 641 256 ocum.
653 203 689 258 v.
708 202 791 258 oar.
804 202 932 257 rur-vr.
1201 183 1240 246 87

316 374 354 438 V.
400 372 458 438 His
479 373 574 438 rebus
597 373 774 440 constitutis
797 373 919 448 Caesar
935 372 977 438 ad
1003 379 1126 458 portum
1149 373 1243 436 ltium
1262 392 1276 440 1

215 497 285 542 cum
306 475 483 558 legionibus
505 476 658 560 pervenit.
694 476 738 540 ibi
762 479 931 559 cognoscit,
953 476 1012 542 LX
1031 495 1140 558 naves,
1163 495 1277 558 quaes

213 580 246 643 in
268 578 381 644 Meldis
400 578 504 644 laetae
519 586 618 662 erant,
641 585 829 663 tempestate
849 579 982 645 reiectas
997 598 1121 644 cursum
1136 583 1244 643 tenere

213 703 276 748 non
298 681 439 766 potuisse
460 687 556 764 atque
579 681 699 764 eodem,
722 681 807 746 unde
830 687 920 746 erant
945 680 1116 765 profectae,
1143 700 1244 745 rever-

214 786 302 869 tisse;
332 784 469 866 reliquas
498 790 626 867 paratas
655 782 697 847 ad
726 784 944 867 navigandum
973 790 1069 868 atque
1099 783 1244 848 omnibus

214 887 306 952 rebus
327 887 495 951 instructas
517 886 647 950 invenit.
694 885 805 952 codem
827 887 983 970 equitatus
1006 886 1102 950 totius
1124 885 1277 954 Galliaco

214 989 361 1055 convenit
383 1009 513 1054 numero
535 989 656 1054 milium
679 995 825 1071 quattuor
846 989 1069 1073 principesque
1084 1009 1126 1052 ex
1148 989 1244 1053 omni-

213 1092 271 1156 bus
295 1090 489 1175 civitatibus;
513 1111 555 1156 ex
570 1091 683 1174 quibus
698 1111 882 1176 perpaucos,
899 1095 1029 1175 quorum
1043 1091 1076 1155 in
1092 1111 1126 1156 se
1148 1089 1244 1155 fidem
1261 1111 1277 1158 4

213 1199 426 1279 perspexerat,
449 1193 626 1277 relinquere
647 1193 681 1258 in
704 1194 816 1278 Gallia,
843 1194 980 1278 reliquos
999 1192 1151 1268 *obsidum
1177 1193 1244 1258 loco

212 1315 319 1361 secum
335 1295 449 1361 ducere
465 1296 657 1380 decreverat,
681 1296 774 1380 quod,
799 1317 869 1362 curn
884 1297 953 1382 ipse
967 1297 1103 1380 abesset,
1126 1301 1243 1362 motum

213 1399 334 1464 Galbae
356 1389 531 1464 verebatur.
982 1468 984 1471 ,

316 1501 370 1566 Vl.
414 1501 491 1566 Erat
513 1522 577 1566 una
600 1522 671 1567 cum
701 1502 813 1567 ceteris
835 1501 1012 1568 Dumnorix
1033 1501 1173 1586 Aeduus,
1204 1501 1244 1568 de
1264 1524 1277 1570 1

212 1624 273 1687 quo
299 1609 375 1668 ante
401 1604 442 1668 ab
472 1604 565 1670 nobis
592 1603 710 1670 dictum
733 1610 790 1669 est.
835 1603 919 1668 hunc
942 1623 1050 1670 secum
1071 1595 1245 1678 haberein

212 1707 321 1792 primis
343 1707 554 1791 constituerat,
579 1706 662 1790 quod
685 1727 756 1796 eum
779 1706 927 1790 cupidum
956 1726 1061 1771 rerum
1082 1726 1244 1791 novarum,

213 1808 362 1892 cupidum
383 1809 516 1894 imperii,
539 1809 648 1893 magni
662 1809 769 1892 animi,
792 1829 928 1892 magnac
949 1809 1031 1872 inter
1047 1807 1153 1874 Gallos
1174 1794 1245 1874 auc

213 1911 346 1976 toritatis
381 1918 579 1994 cognoverat.
624 1911 796 1976 accedebat
828 1910 899 1995 huc,
934 1909 1019 1994 quod
1050 1911 1084 1974 in
1114 1910 1278 1978 concilioa

212 2013 394 2079 Aeduorum
427 2015 603 2080 Dumnorix
637 2014 770 2099 dixerat,
806 2014 867 2080 sibi
895 2034 916 2078 a
943 2014 1079 2080 Caesare
1112 2032 1245 2096 regnum

214 2117 360 2182 civitatis.
377 2115 505 2202 delerri5
537 2117 621 2200 quod
651 2117 769 2184 dictum
795 2117 899 2183 Aedui
925 2116 1064 2202 graviter
1090 2115 1245 2201 ferebant,

213 2239 317 2302 neque
338 2219 505 2284 recusandi
525 2226 581 2286 aut
603 2220 794 2306 deprecandi
817 2241 912 2287 causa
933 2221 1055 2305 legatos
1076 2219 1119 2285 ad
1135 2219 1246 2286 Caesa

213 2343 280 2388 rem
309 2322 433 2386 mittere
465 2321 635 2388 audebant.
680 2323 715 2390 id
746 2323 865 2389 factum
899 2343 940 2389 ex
974 2323 1038 2390 suis
1070 2322 1281 2407 hospitibusa

215 2424 333 2490 Caesar
354 2431 552 2508 cognoverat.
598 2426 650 2491 ille
672 2425 818 2492 omnibus
840 2427 941 2510 primo
971 2427 1117 2512 precibus
1139 2432 1247 2510 petere

215 2528 385 2612 contendit,
408 2533 443 2592 ut
464 2528 497 2592 in
518 2528 621 2594 Gallia
643 2530 879 2613 relinqueretur,
902 2531 1017 2613 partim
1040 2529 1124 2612 quod
1145 2531 1250 2594 insue-

214 2637 265 2696 tus
294 2631 467 2714 navigandi
496 2652 583 2696 mare
612 2632 745 2716 timeret,
779 2633 894 2716 partim
928 2631 1012 2715 quod
1044 2631 1249 2713 religionibus

214 2733 360 2817 impediri
382 2753 452 2798 sese
475 2733 602 2799 diceret.
647 2740 854 2818 posteaquam
876 2733 910 2798 id
931 2734 1089 2800 obstinate
1111 2734 1172 2798 sibi
1194 2754 1246 2799 ne·
1264 2754 1292 2803 c.

214 2837 283 2919 gari
304 2835 393 2919 vidit,
416 2837 502 2900 omni
524 2856 581 2920 spe
603 2837 793 2921 impetrandi
814 2836 973 2921 adempta,
996 2836 1155 2921 principes
1178 2836 1247 2902 Gal-

214 2939 275 3004 liae
305 2937 485 3022 sollicitare,
515 2959 664 3005 sevocare
693 2940 833 3023 singulos
864 2939 1043 3022 hortarique
1066 2940 1178 3024 coepit,
1201 2940 1247 3004 uti

213 3041 246 3104 in
270 3040 442 3126 continenti
463 3048 676 3127 remanerent;
699 3049 785 3107 metu
800 3043 956 3108 territare:
979 3063 1043 3108 non
1065 3042 1133 3108 sine
1153 3062 1249 3108 causa
1264 3062 1292 3111 s
1408 3131 1412 3139 Ι

213 3144 291 3228 fieri,
321 3149 357 3207 ut
379 3143 482 3208 Gallia
510 3145 597 3209 omni
617 3146 781 3211 nobilitate
804 3147 1003 3230 spoliaretur3
1030 3144 1065 3210 id
1086 3165 1155 3212 esse
1179 3166 1251 3212 oon·

214 3247 318 3312 silium
334 3246 488 3332 Caesaris,
511 3253 555 3332 ut,
579 3267 657 3331 quos
679 3249 712 3313 in
736 3255 907 3334 conspectu
930 3249 1051 3315 Galliae
1073 3248 1253 3314 interficere

214 3354 383 3433 vereretur,
410 3349 469 3415 hos
496 3370 605 3416 omnes
634 3351 668 3415 in
697 3352 896 3418 Britanniam
925 3351 1085 3419 traductos
1107 3357 1246 3436 necaret;

213 3451 309 3516 fidem
330 3452 459 3535 reliquis
480 3453 690 3540 interponere,
713 3454 929 3520 iusiurandum
942 3475 1081 3540 poscere,
1104 3460 1148 3537 ut,
1164 3453 1247 3537 quod
1266 3475 1281 3522 c

215 3574 284 3620 esse
307 3573 348 3618 ex
370 3574 430 3618 usu
454 3555 575 3620 Galliae
597 3556 839 3641 intellexissent,
864 3558 1021 3624 communi
1044 3557 1172 3622 consilio
1194 3556 1246 3621 ad-

169 3681 171 3685 ·
213 3657 435 3721 ministrarent.
481 3657 561 3722 haec
589 3677 610 3722 a
639 3659 851 3743 compluribus
872 3659 915 3725 ad
938 3659 1107 3727 Caesarem
1130 3657 1280 3730 desere-t

215 3758 335 3822 bantur.
826 3763 829 3768 '
