2966 4196
282 205 343 272 112
613 220 663 274 DE
680 219 797 274 BELLO
815 217 977 274 GALLICO

278 395 415 462 monicae
446 395 655 479 appellantur,
686 391 892 478 oppugnandi
918 392 967 458 sui
997 412 1094 460 causa
1128 391 1314 458 convenisse

247 518 383 582 rneque
421 497 547 581 longius
580 496 667 560 miha
700 514 850 580 passuum
884 501 954 560 octo
990 496 1032 560 ab
1069 494 1210 561 hibernis
1247 495 1313 562 suis

279 601 406 684 afuisse,
431 599 488 666 sed
509 599 620 664 nuntio
642 599 738 664 allato
754 597 794 664 de
809 599 942 664 victoria
958 599 1103 666 Caesaris
1119 599 1311 685 discessisse,

273 704 359 772 adeo
380 711 416 770 ut
437 704 534 788 fugae
556 702 667 769 similis
690 701 847 769 discessus
869 701 1038 771 videretm.

248 830 260 877 r
383 808 465 873 LIV.
510 808 553 873 At
576 807 693 873 Gaesar
714 806 910 891 principibus
938 807 1088 890 cuiusque
1111 807 1248 874 civitatis
1269 807 1313 874 ad

279 932 313 978 se
340 911 479 978 evocatis
505 911 584 976 alias
607 909 789 993 territando,
818 902 889 976 oum
911 929 945 976 se
967 911 1057 995 scire,
1086 931 1167 994 quae
1188 911 1311 996 fierent,

279 1015 488 1098 denuntiaret,
511 1015 590 1079 alias
614 1012 805 1079 cohortando
827 1034 977 1098 magnam
995 1021 1118 1099 partem
1134 1014 1256 1080 Galliae
1277 1013 1311 1078 in

245 1139 260 1187 a
278 1118 382 1185 officio
404 1118 514 1184 tenuit.
556 1124 664 1182 tamen
687 1118 838 1199 Senones,
862 1137 942 1200 quae
965 1123 1013 1182 est
1035 1117 1147 1182 civitas
1168 1117 1312 1202 inprimis

277 1221 368 1286 firma
399 1227 431 1286 et
460 1239 597 1304 magnae
625 1221 708 1285 inter
738 1219 845 1286 Gallos
874 1219 1078 1302 auctoritatis,
1109 1221 1310 1306 Cavarinum,

279 1343 372 1406 quem
396 1324 512 1389 Caesar
535 1322 624 1407 'apud
652 1343 705 1388 eos
732 1343 840 1407 regem
862 1323 1075 1407 constituerat,
1103 1323 1193 1390 ouius
1214 1323 1312 1390 frater

278 1427 467 1510 Moritasgus
488 1425 629 1491 adventu
650 1426 685 1490 in
700 1426 837 1492 Galliam
853 1427 997 1493 Caesaris
1013 1426 1163 1510 cuiusque
1178 1427 1312 1494 maiores

278 1549 412 1612 regnum
439 1529 651 1614 obtinuerant,
681 1529 859 1595 interficere
887 1530 1013 1614 publico
1044 1530 1173 1596 consilio
1197 1533 1312 1614 conati,

279 1653 350 1699 cum
372 1632 426 1698 ille
448 1633 678 1717 praesensisset
699 1652 738 1698 ac
760 1632 961 1718 profugisset,
984 1653 1086 1716 usqne
1107 1633 1150 1699 ad
1164 1633 1245 1700 fines
1266 1635 1312 1700 in-

245 1737 377 1805 ssecuti
399 1755 497 1820 regno
520 1734 675 1818 domoque
691 1736 879 1820 expulerunt
902 1743 943 1818 et,
965 1737 1070 1802 missis
1085 1735 1127 1802 ad
1144 1737 1312 1804 Gaesarem

278 1839 493 1906 satisfaciendi
509 1860 604 1906 causa
625 1839 749 1924 legatis,
773 1860 844 1904 oum
858 1840 887 1905 is
902 1859 1028 1905 omnem
1049 1839 1092 1904 ad
1114 1859 1148 1906 se
1167 1848 1312 1907 senatum

245 1944 387 2012 evenire
415 1943 569 2026 iussisset,
599 1943 683 2010 dicto
713 1942 880 2010 audientes
909 1964 974 2010 non
1006 1943 1143 2010 fuerunt.
1188 1951 1312 2010 tantum

277 2045 363 2130 apud
384 2045 529 2111 homines
544 2047 697 2112 barbaros
711 2046 821 2131 valuit,
847 2066 916 2112 esse
937 2047 1060 2129 aliquos
1075 2053 1215 2132 repertos
1229 2048 1311 2132 prin-

278 2149 364 2232 cipes
397 2147 555 2213 inferendi
593 2149 683 2230 belli,
716 2156 903 2233 tantamque
937 2151 1083 2217 omnibus
1115 2152 1312 2217 voluntatum

278 2251 555 2316 commutationem
569 2252 684 2336 attrdit,
699 2257 735 2316 ut
749 2259 874 2336 praeter
888 2254 1016 2320 Aeduos
1039 2261 1071 2320 et
1084 2255 1210 2338 Remos,
1234 2275 1312 2339 quos

276 2353 446 2440 praecipuo
462 2373 585 2439 semper
599 2354 718 2421 honore
734 2355 852 2423 Caesar·
866 2356 987 2442 habuit,
1002 2359 1118 2424 alteros
1132 2379 1189 2444 pro
1204 2365 1312 2424 vetere

276 2477 316 2523 ac
345 2463 498 2542 perpetua
525 2477 601 2542 erga
627 2459 778 2544 populum
803 2460 981 2526 Romanum
1008 2459 1082 2543 fide,
1114 2462 1229 2527 alteros
1255 2482 1312 2546 pro

277 2560 455 2627 recentibus
482 2560 595 2626 Gallici
621 2561 696 2628 belli
723 2561 845 2646 officiis,
872 2563 960 2628 nulla
986 2563 1053 2630 fere
1080 2564 1192 2630 civitas
1218 2563 1312 2630 fuerit

244 2687 341 2735 onon
363 2671 511 2750 suspecta
533 2666 633 2732 nobis.
675 2665 772 2748 idque
793 2665 874 2751 adeo
896 2665 983 2731 haud
1005 2667 1069 2733 scio
1092 2666 1312 2732 mirandumne

277 2770 327 2854 sit,
352 2790 422 2834 cum
438 2770 651 2854 compluribus
673 2769 745 2834 aliis
767 2768 808 2834 de
831 2769 944 2850 causis,
968 2775 1035 2834 tum
1055 2771 1204 2854 maxime,
1228 2769 1312 2854 quod

277 2873 317 2956 ei,
348 2873 402 2954 qui
424 2873 541 2938 virtute
569 2873 645 2938 belli
676 2873 822 2939 omnibus
855 2873 1006 2956 gentibus
1038 2872 1310 2956 praeferebantur,

219 3045 221 3050 .
277 2982 402 3042 tantum
429 2996 464 3042 sc
491 2977 559 3042 eius
585 2976 742 3062 opinionis
768 2975 995 3061 deperdidisse,
1018 2982 1053 3040 ut
1074 2995 1095 3039 a
1116 2975 1231 3060 populo
1253 2976 1312 3042 Ro-

277 3100 371 3145 mano
393 3080 526 3165 imperia
548 3079 734 3165 perferrent,
757 3079 945 3165 gravissime
968 3078 1125 3143 dolebant.

246 3204 259 3251 1
381 3183 445 3248 LV.
491 3183 622 3248 Treveri
644 3204 719 3249 vero
747 3189 842 3266 atque
868 3181 1100 3248 Indutiomarus
1126 3181 1222 3248 totius
1249 3182 1312 3248 hie

277 3287 338 3351 mis
367 3287 488 3351 nullum
516 3293 641 3371 tempus
670 3287 914 3370 intermiserunt,
946 3285 1022 3368 quin
1051 3292 1139 3351 trans
1166 3286 1312 3352 Rhenum

276 3389 399 3473 legatos
421 3389 592 3472 mitterent,
616 3390 761 3455 civitates
776 3389 990 3471 sollicitarent,
1014 3389 1167 3474 pecunias
1189 3389 1313 3474 podice

277 3498 395 3574 rentur,
425 3497 553 3576 magna
572 3499 663 3577 parte
694 3492 850 3559 exercitus
882 3493 982 3558 nostri
1014 3492 1182 3558 interfecta
1215 3491 1313 3556 multo

244 3595 430 3665 aminorem
456 3616 622 3680 superesse
649 3595 790 3681 dicerent
816 3602 947 3679 partem.
993 3615 1097 3680 neque
1123 3603 1230 3660 tamen
1257 3593 1312 3659 ulli

191 3783 193 3786 Ι
278 3699 399 3764 civitati
415 3699 642 3765 Germanorum
663 3697 845 3784 persuaderi
867 3699 979 3783 potuit,
1001 3705 1038 3763 ut
1051 3698 1198 3764 Rhenum
1214 3703 1314 3763 trans—

277 3801 346 3883 iret,
381 3822 463 3886 cum,
482 3823 516 3868 se
546 3803 596 3868 bis
627 3808 775 3886 expertos
805 3801 956 3885 dicerent,
987 3801 1138 3867 Ariovisti
1167 3801 1251 3866 bello
1282 3809 1313 3864 et
