2936 4192
436 229 543 284 COMM.
558 229 579 284 1.
599 227 947 283 0AP.xx1v—XXV11.
1167 214 1207 278 15

276 405 393 470 XXVI.
418 405 468 467 Ita
486 401 616 484 ancipiti
635 402 755 485 proelio
770 400 824 464 diu
838 408 934 483 atque
952 403 1066 466 acriter
1087 423 1207 486 pugna·
1227 425 1240 471 1

175 521 240 574 tum
263 517 311 572 est
366 506 481 570 diutius
504 524 574 568 cum
601 505 755 568 sustinere
780 510 955 568 nostrorum
981 505 1118 587 impetus
1144 525 1208 569 non

175 618 311 696 possent,
339 610 430 674 alteri
452 628 496 690 se,
523 614 558 670 ut
580 615 757 690 coeperant,
785 607 818 670 in
845 615 984 671 montem
1011 617 1206 692 receperunt,

173 715 263 779 alteri
296 712 338 778 ad
370 710 596 796 impedimenta
629 717 661 774 et
693 729 797 774 carros
830 729 901 774 suos
935 730 970 776 se
1000 712 1206 775 contulerunt.

174 816 327 882 namhoc
346 824 411 881 toto
431 815 557 899 proelio,
579 833 649 878 oum
669 814 710 878 ab
730 813 807 878 bora
826 815 961 898 septima
979 814 1021 878 ad
1040 834 1207 898 vesperum
1225 834 1241 880 a

175 927 348 1004 pugnatum
376 919 425 1001 sit,
452 937 598 983 aversum
620 916 742 982 hostem
765 917 873 981 videre
895 937 988 982 nemo
1010 919 1119 1002 potuit.
1165 916 1241 984 ada

174 1025 304 1088 multam
338 1027 463 1086 noctem
493 1021 588 1084 etiam
617 1018 659 1083 ad
689 1019 915 1103 impedimenta
944 1027 1119 1104 pugnatum
1149 1029 1206 1102 est,

174 1133 341 1210 propterea
370 1122 454 1205 quod
483 1143 539 1206 pro
569 1123 652 1187 vallo
684 1143 787 1187 carros
820 1123 1000 1187 obiecerant
1029 1131 1061 1188 et
1092 1143 1110 1186 e
1138 1123 1206 1187 loco

174 1229 333 1312 superiore
358 1227 391 1290 in
414 1231 536 1290 nostros
558 1226 723 1290 venientes
749 1226 813 1290 tela
840 1226 1046 1308 coniciebant,
1075 1234 1106 1290 et
1131 1245 1206 1290 non-

174 1332 253 1396 nulli
277 1331 359 1394 inter
386 1347 489 1392 carros
514 1335 660 1409 rotasque
687 1335 824 1392 mataras
849 1348 887 1392 ac
913 1330 1052 1412 tragulas
1078 1329 1207 1394 subicie-

174 1437 253 1500 bant
273 1439 457 1513 nostrosque
479 1432 696 1494 vulnerabant.
743 1431 797 1494 diu
823 1451 893 1496 cum
916 1440 999 1496 esset
1021 1440 1241 1516 pugnatumu

175 1535 408 1620 impedimentis
439 1535 609 1615 castrisque
635 1535 733 1598 nostri
759 1535 850 1617 potiti
877 1542 958 1598 sunt.
1008 1535 1052 1598 ibi
1079 1534 1207 1616 Orgeto-
1277 1535 1279 1539 ’

175 1641 251 1722 rigis
277 1639 342 1703 filia
368 1644 462 1718 atquo
489 1657 569 1701 unus
592 1637 704 1727 eufiliis
731 1646 841 1720 captus
864 1646 918 1702 est.
966 1658 1006 1700 ex
1030 1657 1067 1702 eo
1089 1638 1240 1720 proelior

175 1744 296 1806 circiter
322 1741 484 1806 hominum
511 1741 597 1803 milia
625 1740 745 1805 CXXX
772 1739 992 1822 superfuerunt
1019 1760 1118 1822 eaque
1140 1747 1207 1804 tota

175 1852 267 1910 nocte
294 1844 489 1909 continenter
515 1843 626 1906 ierunt.
675 1842 793 1905 nullam
820 1849 941 1924 partem
968 1843 1069 1906 noctis
1094 1843 1205 1906 itinere

175 1948 352 2012 intermisso
384 1947 418 2010 in
447 1945 527 2010 fines
556 1946 734 2028 Lingonum
764 1944 816 2008 die
845 1953 955 2026 quarto
985 1955 1204 2028 pervenerunt,

174 2072 247 2115 cum
274 2059 305 2114 et
330 2057 457 2133 propter
483 2050 617 2112 vulnera
643 2049 776 2112 militum
804 2058 835 2112 et
861 2054 987 2132 propter
1014 2049 1205 2132 sepulturam

174 2155 346 2219 occisorum
365 2153 463 2218 nostri
483 2153 619 2216 triduum
639 2152 750 2216 morati
770 2171 823 2216 eos
839 2153 927 2234 sequi
942 2171 1005 2216 non
1020 2152 1203 2235 potuissent.

133 2291 135 2295 ·
176 2259 293 2323 Caesar
311 2255 354 2320 ad
372 2256 533 2338 Lingonas
551 2255 672 2318 litteras
690 2255 878 2336 nuntiosque
900 2255 993 2336 misit,
1017 2275 1058 2319 ne
1078 2275 1131 2320 eos
1146 2256 1205 2320 fru-
1224 2276 1240 2323 e

175 2368 282 2425 mento
300 2379 383 2424 neve
405 2359 468 2422 alia
489 2378 524 2422 re
545 2358 703 2422 iuvarent:
728 2359 780 2438 qui
803 2358 830 2422 si
852 2358 1014 2441 iuvissent,
1038 2378 1072 2423 se
1095 2358 1206 2423 eodem

177 2465 252 2542 loco,
284 2482 345 2544 quo
368 2461 539 2542 Helvetios,
570 2461 759 2524 habiturum.
804 2461 873 2544 ipse
900 2435 1002 2525 triduo
1029 2462 1205 2526 intermisso

174 2587 246 2629 curn
269 2565 414 2629 omnibus
437 2564 535 2647 copiis
558 2584 611 2628 eos
633 2564 722 2645 sequi
744 2564 855 2646 eoepit.

278 2668 411 2731 XXVII.
436 2667 573 2731 Helvetii
601 2667 739 2731 omnium
761 2686 864 2730 rerum
886 2667 994 2750 inopia
1015 2667 1142 2731 adducti
1164 2669 1238 2736 le-r

175 2778 266 2853 gatos
292 2769 332 2833 de
355 2769 514 2833 deditione
540 2769 583 2834 ad
610 2789 681 2832 eum
703 2769 863 2834 miserunt.
909 2769 962 2850 qui
985 2789 1055 2833 cum
1078 2789 1150 2834 eum
1171 2771 1239 2840 ins

174 2874 287 2936 itinere
320 2871 542 2936 convenissent
572 2890 668 2953 seque
701 2871 743 2935 ad
773 2871 871 2954 pedes
900 2872 1104 2954 proiecissent
1137 2892 1207 2956 sup·

176 2976 359 3059 pliciterque
385 2975 481 3038 locuti
506 2972 619 3039 flentes
645 2994 756 3058 pacem
783 2975 944 3058 petissent,
972 2983 1066 3057 atquc
1093 2995 1146 3040 eos
1172 2976 1205 3040 in

174 3100 212 3143 eo
243 3080 323 3161 loco,
358 3097 418 3158 quo
448 3085 513 3140 tum
548 3085 666 3160 essent,
700 3097 789 3142 suum
820 3078 992 3142 adventum
1022 3085 1206 3162 exspectare

176 3182 325 3262 iussisset,
352 3182 531 3262 paruerunt.
582 3199 618 3244 eo
644 3188 809 3263 postquam
834 3181 948 3246 Caesar
974 3181 1127 3264 pervenit,
1154 3182 1239 3250 oba

175 3283 269 3366 sides,
299 3302 397 3364 arma,
428 3302 543 3365 servos,
574 3283 626 3364 qui
654 3283 696 3346 ad
723 3303 776 3348 eos
802 3284 1023 3368 perfugissent,
1054 3284 1204 3368 poposcit.

172 3387 249 3449 dum
280 3407 318 3450 ea
348 3387 570 3467 conquiruntur
599 3395 630 3449 et
660 3386 873 3469 conferuntur,
907 3395 999 3452 nocte
1028 3389 1240 3457 inter-missar

173 3489 296 3552 circiter
326 3488 486 3552 bominum
516 3489 603 3552 milia
631 3489 677 3552 VI
706 3489 773 3553 eius
801 3491 890 3572 pagi,
925 3491 977 3571 qui
1009 3491 1206 3573 Verbigenus

173 3592 359 3674 appellatur,
388 3591 454 3654 sive
476 3590 586 3654 timore
613 3592 776 3674 perterriti,
804 3612 845 3656 ne
870 3584 966 3657 armis
992 3592 1114 3657 traditis
1137 3613 1206 3674 sup·

176 3693 267 3774 plioio
290 3692 497 3774 afficerentur,
522 3693 589 3758 sive
611 3713 667 3777 spe
690 3695 798 3759 salutis
820 3695 949 3777 inducti,
973 3696 1055 3777 quod
1069 3697 1102 3759 in
1117 3703 1206 3759 tanta

172 3795 373 3858 multitudine
400 3795 616 3860 dediticiorum
644 3817 731 3860 suam
758 3797 866 3878 fugam
893 3809 947 3861 aut
976 3798 1121 3860 occultari
1151 3805 1204 3860 aut
