<?xml version="1.0" encoding="UTF-8"?>
<!DOCTYPE html PUBLIC "-//W3C//DTD XHTML 1.0 Transitional//EN"
    "http://www.w3.org/TR/xhtml1/DTD/xhtml1-transitional.dtd">
<html xmlns="http://www.w3.org/1999/xhtml" xml:lang="en" lang="en">
 <head>
  <title>
</title>
<meta http-equiv="Content-Type" content="text/html;charset=utf-8" />
  <meta name='ocr-system' content='tesseract 3.04.00' />
  <meta name='ocr-capabilities' content='ocr_page ocr_carea ocr_par ocr_line ocrx_word'/>
</head>
<body>
  <div class='ocr_page' id='page_1' title='image "./commentariidebe00pramgoog_0152.png"; bbox 0 0 2966 4196; ppageno 0'>
   <div class='ocr_carea' id='block_1_1' title="bbox 302 222 1210 294">
    <p class='ocr_par' dir='ltr' id='par_1_1' title="bbox 302 222 1210 294">
     <span class='ocr_line' id='line_1_1' title="bbox 302 222 1210 294; baseline -0.007 -4"><span class='ocrx_word' id='word_1_1' title='bbox 302 235 409 290; x_wconf 77' lang='lat' dir='ltr'>COMM.</span> <span class='ocrx_word' id='word_1_2' title='bbox 421 235 471 290; x_wconf 88' lang='lat' dir='ltr'><strong>v1.</strong></span> <span class='ocrx_word' id='word_1_3' title='bbox 484 235 566 290; x_wconf 84' lang='lat' dir='ltr'><strong>OAP.</strong></span> <span class='ocrx_word' id='word_1_4' title='bbox 576 235 764 292; x_wconf 84' lang='lat' dir='ltr'><strong>XL—XLIV.</strong></span> <span class='ocrx_word' id='word_1_5' title='bbox 776 237 884 293; x_wconf 78' lang='grc' dir='ltr'>ΟΟΜΜ.</span> <span class='ocrx_word' id='word_1_6' title='bbox 894 222 1049 294; x_wconf 83' lang='lat' dir='ltr'><strong>vn.&#39;cAP.</strong></span> <span class='ocrx_word' id='word_1_7' title='bbox 1062 239 1084 292; x_wconf 93' lang='grc' dir='ltr'><strong>Ι.</strong></span> <span class='ocrx_word' id='word_1_8' title='bbox 1150 223 1210 286; x_wconf 84' lang='grc'><strong>137</strong></span> 
     </span>
    </p>
   </div>
   <div class='ocr_carea' id='block_1_2' title="bbox 165 409 1282 2450">
    <p class='ocr_par' dir='ltr' id='par_1_2' title="bbox 165 409 1282 1504">
     <span class='ocr_line' id='line_1_2' title="bbox 178 409 1246 494; baseline 0.006 -20"><span class='ocrx_word' id='word_1_9' title='bbox 178 415 272 474; x_wconf 89' lang='lat' dir='ltr'><strong>retur.</strong></span> <span class='ocrx_word' id='word_1_10' title='bbox 306 428 344 472; x_wconf 89' lang='lat' dir='ltr'><strong>ae</strong></span> <span class='ocrx_word' id='word_1_11' title='bbox 366 427 464 494; x_wconf 83' lang='lat' dir='ltr'>saepe</span> <span class='ocrx_word' id='word_1_12' title='bbox 485 409 519 474; x_wconf 95' lang='lat' dir='ltr'><strong>in</strong></span> <span class='ocrx_word' id='word_1_13' title='bbox 542 428 614 474; x_wconf 90' lang='lat' dir='ltr'><strong>eum</strong></span> <span class='ocrx_word' id='word_1_14' title='bbox 636 410 739 474; x_wconf 89' lang='lat' dir='ltr'><strong>locum</strong></span> <span class='ocrx_word' id='word_1_15' title='bbox 760 415 891 475; x_wconf 87' lang='lat' dir='ltr'><strong>ventum</strong></span> <span class='ocrx_word' id='word_1_16' title='bbox 914 415 962 476; x_wconf 89' lang='lat' dir='ltr'><strong>est</strong></span> <span class='ocrx_word' id='word_1_17' title='bbox 984 411 1127 476; x_wconf 83' lang='lat' dir='ltr'><strong>tantuin</strong></span> <span class='ocrx_word' id='word_1_18' title='bbox 1150 431 1246 480; x_wconf 74' lang='lat' dir='ltr'><strong>oms</strong></span> 
     </span>
     <span class='ocr_line' id='line_1_3' title="bbox 178 509 1212 596; baseline 0 -19"><span class='ocrx_word' id='word_1_19' title='bbox 178 531 238 577; x_wconf 86' lang='lat' dir='ltr'><strong>nes</strong></span> <span class='ocrx_word' id='word_1_20' title='bbox 258 517 365 596; x_wconf 86' lang='lat' dir='ltr'><strong>partes</strong></span> <span class='ocrx_word' id='word_1_21' title='bbox 387 509 490 576; x_wconf 87' lang='lat' dir='ltr'><strong>diviso</strong></span> <span class='ocrx_word' id='word_1_22' title='bbox 513 511 662 595; x_wconf 89' lang='lat' dir='ltr'><strong>equitatu,</strong></span> <span class='ocrx_word' id='word_1_23' title='bbox 685 518 721 576; x_wconf 93' lang='lat' dir='ltr'><strong>ut</strong></span> <span class='ocrx_word' id='word_1_24' title='bbox 743 511 836 578; x_wconf 90' lang='lat' dir='ltr'><strong>modo</strong></span> <span class='ocrx_word' id='word_1_25' title='bbox 858 513 963 578; x_wconf 88' lang='lat' dir='ltr'><strong>visum</strong></span> <span class='ocrx_word' id='word_1_26' title='bbox 985 514 1026 578; x_wconf 91' lang='lat' dir='ltr'><strong>ab</strong></span> <span class='ocrx_word' id='word_1_27' title='bbox 1049 533 1083 579; x_wconf 93' lang='lat' dir='ltr'><strong>se</strong></span> <span class='ocrx_word' id='word_1_28' title='bbox 1105 514 1212 579; x_wconf 86' lang='lat' dir='ltr'><strong>Ambi-</strong></span> 
     </span>
     <span class='ocr_line' id='line_1_4' title="bbox 177 611 1212 702; baseline 0.002 -24"><span class='ocrx_word' id='word_1_29' title='bbox 177 614 298 699; x_wconf 82' lang='lat' dir='ltr'>origem</span> <span class='ocrx_word' id='word_1_30' title='bbox 320 613 354 678; x_wconf 94' lang='lat' dir='ltr'><strong>in</strong></span> <span class='ocrx_word' id='word_1_31' title='bbox 375 611 453 698; x_wconf 78' lang='lat' dir='ltr'><strong>iuga</strong></span> <span class='ocrx_word' id='word_1_32' title='bbox 476 613 751 698; x_wconf 89' lang='lat' dir='ltr'><strong>circumspicerent</strong></span> <span class='ocrx_word' id='word_1_33' title='bbox 774 615 892 700; x_wconf 86' lang='lat' dir='ltr'><strong>captivi</strong></span> <span class='ocrx_word' id='word_1_34' title='bbox 912 635 973 680; x_wconf 91' lang='lat' dir='ltr'><strong>nec</strong></span> <span class='ocrx_word' id='word_1_35' title='bbox 999 616 1094 702; x_wconf 89' lang='lat' dir='ltr'><strong>plane</strong></span> <span class='ocrx_word' id='word_1_36' title='bbox 1116 615 1212 680; x_wconf 87' lang='lat' dir='ltr'><strong>etiam</strong></span> 
     </span>
     <span class='ocr_line' id='line_1_5' title="bbox 178 716 1245 802; baseline 0.004 -20"><span class='ocrx_word' id='word_1_37' title='bbox 178 717 284 783; x_wconf 90' lang='lat' dir='ltr'><strong>abisse</strong></span> <span class='ocrx_word' id='word_1_38' title='bbox 313 735 355 781; x_wconf 88' lang='lat' dir='ltr'><strong>ex</strong></span> <span class='ocrx_word' id='word_1_39' title='bbox 384 721 554 800; x_wconf 90' lang='lat' dir='ltr'><strong>conspectu</strong></span> <span class='ocrx_word' id='word_1_40' title='bbox 584 716 820 801; x_wconf 80' lang='lat' dir='ltr'><strong>contenderent,</strong></span> <span class='ocrx_word' id='word_1_41' title='bbox 851 724 886 783; x_wconf 93' lang='lat' dir='ltr'><strong>ut</strong></span> <span class='ocrx_word' id='word_1_42' title='bbox 915 737 972 802; x_wconf 92' lang='lat' dir='ltr'><strong>spe</strong></span> <span class='ocrx_word' id='word_1_43' title='bbox 999 717 1245 801; x_wconf 82' lang='lat' dir='ltr'><strong>consequendis</strong></span> 
     </span>
     <span class='ocr_line' id='line_1_6' title="bbox 165 819 1211 905; baseline 0.003 -21"><span class='ocrx_word' id='word_1_44' title='bbox 165 819 268 885; x_wconf 79' lang='lat' dir='ltr'><strong>ssiata</strong></span> <span class='ocrx_word' id='word_1_45' title='bbox 288 825 383 902; x_wconf 87' lang='lat' dir='ltr'><strong>atque</strong></span> <span class='ocrx_word' id='word_1_46' title='bbox 404 819 527 884; x_wconf 88' lang='lat' dir='ltr'><strong>infinito</strong></span> <span class='ocrx_word' id='word_1_47' title='bbox 549 819 657 885; x_wconf 90' lang='lat' dir='ltr'><strong>labore</strong></span> <span class='ocrx_word' id='word_1_48' title='bbox 680 827 835 905; x_wconf 86' lang='lat' dir='ltr'><strong>suscepte,</strong></span> <span class='ocrx_word' id='word_1_49' title='bbox 860 821 913 904; x_wconf 88' lang='lat' dir='ltr'><strong>qui</strong></span> <span class='ocrx_word' id='word_1_50' title='bbox 936 841 970 887; x_wconf 85' lang='lat' dir='ltr'><strong>se</strong></span> <span class='ocrx_word' id='word_1_51' title='bbox 993 841 1148 887; x_wconf 89' lang='lat' dir='ltr'><strong>summam</strong></span> <span class='ocrx_word' id='word_1_52' title='bbox 1169 823 1211 887; x_wconf 85' lang='lat' dir='ltr'><strong>ab</strong></span> 
     </span>
     <span class='ocr_line' id='line_1_7' title="bbox 180 923 1282 1008; baseline -0.005 -19"><span class='ocrx_word' id='word_1_53' title='bbox 180 923 316 989; x_wconf 77' lang='lat' dir='ltr'><strong>Caesare</strong></span> <span class='ocrx_word' id='word_1_54' title='bbox 336 923 472 1007; x_wconf 86' lang='lat' dir='ltr'><strong>gratiam</strong></span> <span class='ocrx_word' id='word_1_55' title='bbox 494 923 626 988; x_wconf 88' lang='lat' dir='ltr'><strong>inituros</strong></span> <span class='ocrx_word' id='word_1_56' title='bbox 647 931 805 1008; x_wconf 88' lang='lat' dir='ltr'><strong>putarent,</strong></span> <span class='ocrx_word' id='word_1_57' title='bbox 828 944 931 1008; x_wconf 86' lang='lat' dir='ltr'><strong>paene</strong></span> <span class='ocrx_word' id='word_1_58' title='bbox 944 931 1089 990; x_wconf 88' lang='lat' dir='ltr'><strong>naturam</strong></span> <span class='ocrx_word' id='word_1_59' title='bbox 1108 925 1211 991; x_wconf 90' lang='lat' dir='ltr'><strong>studio</strong></span> <span class='ocrx_word' id='word_1_60' title='bbox 1273 977 1282 984; x_wconf 86' lang='lat'>.</span> 
     </span>
     <span class='ocr_line' id='line_1_8' title="bbox 179 1025 1211 1110; baseline 0.002 -20"><span class='ocrx_word' id='word_1_61' title='bbox 179 1025 351 1109; x_wconf 85' lang='lat' dir='ltr'><strong>vincerent,</strong></span> <span class='ocrx_word' id='word_1_62' title='bbox 385 1045 572 1110; x_wconf 83' lang='lat' dir='ltr'><strong>semperque</strong></span> <span class='ocrx_word' id='word_1_63' title='bbox 606 1027 734 1110; x_wconf 87' lang='lat' dir='ltr'><strong>paulum</strong></span> <span class='ocrx_word' id='word_1_64' title='bbox 767 1027 810 1091; x_wconf 85' lang='lat' dir='ltr'><strong>ad</strong></span> <span class='ocrx_word' id='word_1_65' title='bbox 842 1047 997 1093; x_wconf 87' lang='lat' dir='ltr'><strong>summam</strong></span> <span class='ocrx_word' id='word_1_66' title='bbox 1029 1027 1211 1092; x_wconf 75' lang='lat' dir='ltr'><strong>felicitatem</strong></span> 
     </span>
     <span class='ocr_line' id='line_1_9' title="bbox 179 1126 1244 1212; baseline 0.006 -20"><span class='ocrx_word' id='word_1_67' title='bbox 179 1126 317 1194; x_wconf 85' lang='lat' dir='ltr'><strong>defuisse</strong></span> <span class='ocrx_word' id='word_1_68' title='bbox 332 1127 501 1212; x_wconf 85' lang='lat' dir='ltr'><strong>videretur,</strong></span> <span class='ocrx_word' id='word_1_69' title='bbox 524 1136 619 1212; x_wconf 86' lang='lat' dir='ltr'><strong>atque</strong></span> <span class='ocrx_word' id='word_1_70' title='bbox 642 1130 695 1194; x_wconf 91' lang='lat' dir='ltr'><strong>ille</strong></span> <span class='ocrx_word' id='word_1_71' title='bbox 717 1130 847 1196; x_wconf 88' lang='lat' dir='ltr'><strong>latebris</strong></span> <span class='ocrx_word' id='word_1_72' title='bbox 869 1136 924 1195; x_wconf 83' lang='lat' dir='ltr'><strong>aut</strong></span> <span class='ocrx_word' id='word_1_73' title='bbox 943 1131 1075 1196; x_wconf 87' lang='lat' dir='ltr'><strong>saltibus</strong></span> <span class='ocrx_word' id='word_1_74' title='bbox 1098 1149 1133 1196; x_wconf 90' lang='lat' dir='ltr'><strong>se</strong></span> <span class='ocrx_word' id='word_1_75' title='bbox 1155 1131 1244 1198; x_wconf 84' lang='lat' dir='ltr'><strong>cri-s</strong></span> 
     </span>
     <span class='ocr_line' id='line_1_10' title="bbox 180 1233 1211 1318; baseline 0.002 -23"><span class='ocrx_word' id='word_1_76' title='bbox 180 1236 269 1315; x_wconf 87' lang='lat' dir='ltr'><strong>peret</strong></span> <span class='ocrx_word' id='word_1_77' title='bbox 290 1237 323 1296; x_wconf 91' lang='lat' dir='ltr'><strong>et</strong></span> <span class='ocrx_word' id='word_1_78' title='bbox 343 1237 439 1297; x_wconf 88' lang='lat' dir='ltr'><strong>noctu</strong></span> <span class='ocrx_word' id='word_1_79' title='bbox 453 1233 626 1298; x_wconf 84' lang='lat' dir='ltr'><strong>occultatus</strong></span> <span class='ocrx_word' id='word_1_80' title='bbox 641 1233 720 1298; x_wconf 89' lang='lat' dir='ltr'><strong>alias</strong></span> <span class='ocrx_word' id='word_1_81' title='bbox 735 1233 880 1316; x_wconf 86' lang='lat' dir='ltr'><strong>regiones</strong></span> <span class='ocrx_word' id='word_1_82' title='bbox 902 1239 1071 1317; x_wconf 90' lang='lat' dir='ltr'><strong>partesque</strong></span> <span class='ocrx_word' id='word_1_83' title='bbox 1089 1239 1211 1318; x_wconf 88' lang='lat' dir='ltr'><strong>peteret</strong></span> 
     </span>
     <span class='ocr_line' id='line_1_11' title="bbox 179 1334 1210 1420; baseline 0.001 -21"><span class='ocrx_word' id='word_1_84' title='bbox 179 1353 243 1399; x_wconf 93' lang='lat' dir='ltr'><strong>non</strong></span> <span class='ocrx_word' id='word_1_85' title='bbox 273 1334 389 1400; x_wconf 87' lang='lat' dir='ltr'><strong>maiore</strong></span> <span class='ocrx_word' id='word_1_86' title='bbox 419 1335 560 1417; x_wconf 89' lang='lat' dir='ltr'><strong>equitum</strong></span> <span class='ocrx_word' id='word_1_87' title='bbox 589 1335 747 1419; x_wconf 87' lang='lat' dir='ltr'><strong>praesidio</strong></span> <span class='ocrx_word' id='word_1_88' title='bbox 781 1355 875 1418; x_wconf 85' lang='lat' dir='ltr'><strong>quam</strong></span> <span class='ocrx_word' id='word_1_89' title='bbox 909 1342 1063 1420; x_wconf 89' lang='lat' dir='ltr'><strong>quattuor,</strong></span> <span class='ocrx_word' id='word_1_90' title='bbox 1097 1336 1210 1418; x_wconf 85' lang='lat' dir='ltr'><strong>quibua</strong></span> 
     </span>
     <span class='ocr_line' id='line_1_12' title="bbox 181 1436 869 1504; baseline 0.003 -2"><span class='ocrx_word' id='word_1_91' title='bbox 181 1436 254 1503; x_wconf 82' lang='lat' dir='ltr'><strong>solis</strong></span> <span class='ocrx_word' id='word_1_92' title='bbox 275 1437 373 1502; x_wconf 83' lang='lat' dir='ltr'><strong>vitam</strong></span> <span class='ocrx_word' id='word_1_93' title='bbox 395 1458 485 1504; x_wconf 91' lang='lat' dir='ltr'><strong>suam</strong></span> <span class='ocrx_word' id='word_1_94' title='bbox 508 1439 701 1504; x_wconf 89' lang='lat' dir='ltr'><strong>committere</strong></span> <span class='ocrx_word' id='word_1_95' title='bbox 723 1439 869 1504; x_wconf 88' lang='lat' dir='ltr'><strong>audebat.</strong></span> 
     </span>
    </p>

    <p class='ocr_par' dir='ltr' id='par_1_3' title="bbox 178 1541 1276 2450">
     <span class='ocr_line' id='line_1_13' title="bbox 281 1541 1242 1627; baseline 0.003 -21"><span class='ocrx_word' id='word_1_96' title='bbox 281 1541 394 1608; x_wconf 90' lang='lat' dir='ltr'>XLIV.</span> <span class='ocrx_word' id='word_1_97' title='bbox 410 1542 482 1606; x_wconf 81' lang='lat' dir='ltr'><strong>Tali</strong></span> <span class='ocrx_word' id='word_1_98' title='bbox 496 1542 589 1608; x_wconf 90' lang='lat' dir='ltr'><strong>modo</strong></span> <span class='ocrx_word' id='word_1_99' title='bbox 604 1542 736 1608; x_wconf 86' lang='lat' dir='ltr'><strong>vastatis</strong></span> <span class='ocrx_word' id='word_1_100' title='bbox 750 1542 932 1627; x_wconf 88' lang='lat' dir='ltr'><strong>regionibus</strong></span> <span class='ocrx_word' id='word_1_101' title='bbox 948 1544 1119 1609; x_wconf 84' lang='lat' dir='ltr'><strong>exercitum</strong></span> <span class='ocrx_word' id='word_1_102' title='bbox 1136 1544 1210 1610; x_wconf 82' lang='lat' dir='ltr'><strong>Cae</strong></span> <span class='ocrx_word' id='word_1_103' title='bbox 1230 1563 1242 1609; x_wconf 90' lang='lat'><em>1</em></span> 
     </span>
     <span class='ocr_line' id='line_1_14' title="bbox 180 1642 1209 1711; baseline 0.001 -3"><span class='ocrx_word' id='word_1_104' title='bbox 180 1661 231 1708; x_wconf 83' lang='lat' dir='ltr'><strong>sar</strong></span> <span class='ocrx_word' id='word_1_105' title='bbox 260 1642 391 1708; x_wconf 86' lang='lat' dir='ltr'><strong>duarum</strong></span> <span class='ocrx_word' id='word_1_106' title='bbox 421 1644 593 1710; x_wconf 81' lang='lat' dir='ltr'><strong>cohortium</strong></span> <span class='ocrx_word' id='word_1_107' title='bbox 623 1644 738 1711; x_wconf 87' lang='lat' dir='ltr'><strong>damno</strong></span> <span class='ocrx_word' id='word_1_108' title='bbox 766 1647 1010 1711; x_wconf 88' lang='lat' dir='ltr'><strong>Durocortorum</strong></span> <span class='ocrx_word' id='word_1_109' title='bbox 1042 1648 1209 1711; x_wconf 87' lang='lat' dir='ltr'><strong>Remorum</strong></span> 
     </span>
     <span class='ocr_line' id='line_1_15' title="bbox 179 1744 1210 1831; baseline 0.002 -21"><span class='ocrx_word' id='word_1_110' title='bbox 179 1744 308 1830; x_wconf 88' lang='lat' dir='ltr'><strong>reducit,</strong></span> <span class='ocrx_word' id='word_1_111' title='bbox 343 1747 536 1831; x_wconf 87' lang='lat' dir='ltr'><strong>concilioque</strong></span> <span class='ocrx_word' id='word_1_112' title='bbox 568 1747 603 1812; x_wconf 93' lang='lat' dir='ltr'><strong>in</strong></span> <span class='ocrx_word' id='word_1_113' title='bbox 636 1767 708 1812; x_wconf 88' lang='lat' dir='ltr'><strong>eum</strong></span> <span class='ocrx_word' id='word_1_114' title='bbox 741 1747 844 1812; x_wconf 92' lang='lat' dir='ltr'><strong>locum</strong></span> <span class='ocrx_word' id='word_1_115' title='bbox 871 1747 992 1813; x_wconf 84' lang='lat' dir='ltr'><strong>Galliae</strong></span> <span class='ocrx_word' id='word_1_116' title='bbox 1024 1747 1143 1812; x_wconf 90' lang='lat' dir='ltr'><strong>indicto</strong></span> <span class='ocrx_word' id='word_1_117' title='bbox 1169 1747 1210 1812; x_wconf 91' lang='lat' dir='ltr'><strong>de</strong></span> 
     </span>
     <span class='ocr_line' id='line_1_16' title="bbox 179 1849 1276 1933; baseline 0.001 -20"><span class='ocrx_word' id='word_1_118' title='bbox 179 1849 393 1915; x_wconf 85' lang='lat' dir='ltr'><strong>coniuratione</strong></span> <span class='ocrx_word' id='word_1_119' title='bbox 415 1850 575 1917; x_wconf 86' lang='lat' dir='ltr'><strong>Senonum</strong></span> <span class='ocrx_word' id='word_1_120' title='bbox 598 1856 630 1916; x_wconf 92' lang='lat' dir='ltr'><strong>et</strong></span> <span class='ocrx_word' id='word_1_121' title='bbox 653 1850 825 1917; x_wconf 81' lang='lat' dir='ltr'><strong>Gamutum</strong></span> <span class='ocrx_word' id='word_1_122' title='bbox 848 1851 1063 1933; x_wconf 89' lang='lat' dir='ltr'><strong>quaestionem</strong></span> <span class='ocrx_word' id='word_1_123' title='bbox 1092 1849 1210 1916; x_wconf 90' lang='lat' dir='ltr'><strong>habere</strong></span> <span class='ocrx_word' id='word_1_124' title='bbox 1273 1885 1276 1891; x_wconf 93' lang='lat'>·</span> 
     </span>
     <span class='ocr_line' id='line_1_17' title="bbox 179 1951 1242 2038; baseline 0.004 -22"><span class='ocrx_word' id='word_1_125' title='bbox 179 1951 312 2017; x_wconf 89' lang='lat' dir='ltr'><strong>instituit</strong></span> <span class='ocrx_word' id='word_1_126' title='bbox 334 1959 366 2018; x_wconf 90' lang='lat' dir='ltr'><strong>et</strong></span> <span class='ocrx_word' id='word_1_127' title='bbox 388 1951 428 2018; x_wconf 92' lang='lat' dir='ltr'><strong>de</strong></span> <span class='ocrx_word' id='word_1_128' title='bbox 450 1954 585 2038; x_wconf 87' lang='lat' dir='ltr'><strong>Accone,</strong></span> <span class='ocrx_word' id='word_1_129' title='bbox 610 1953 663 2036; x_wconf 89' lang='lat' dir='ltr'><strong>qui</strong></span> <span class='ocrx_word' id='word_1_130' title='bbox 685 1953 832 2037; x_wconf 88' lang='lat' dir='ltr'><strong>princeps</strong></span> <span class='ocrx_word' id='word_1_131' title='bbox 855 1952 922 2018; x_wconf 87' lang='lat' dir='ltr'><strong>eius</strong></span> <span class='ocrx_word' id='word_1_132' title='bbox 945 1953 1066 2018; x_wconf 87' lang='lat' dir='ltr'><strong>consilii</strong></span> <span class='ocrx_word' id='word_1_133' title='bbox 1096 1951 1242 2037; x_wconf 75' lang='lat' dir='ltr'><strong>fueratu</strong></span> 
     </span>
     <span class='ocr_line' id='line_1_18' title="bbox 179 2055 1209 2141; baseline 0.002 -23"><span class='ocrx_word' id='word_1_134' title='bbox 179 2056 323 2138; x_wconf 86' lang='lat' dir='ltr'><strong>graviore</strong></span> <span class='ocrx_word' id='word_1_135' title='bbox 342 2055 500 2121; x_wconf 87' lang='lat' dir='ltr'><strong>sententia</strong></span> <span class='ocrx_word' id='word_1_136' title='bbox 522 2055 725 2140; x_wconf 88' lang='lat' dir='ltr'><strong>pronuntiata</strong></span> <span class='ocrx_word' id='word_1_137' title='bbox 746 2075 833 2121; x_wconf 90' lang='lat' dir='ltr'><strong>more</strong></span> <span class='ocrx_word' id='word_1_138' title='bbox 847 2056 1000 2121; x_wconf 89' lang='lat' dir='ltr'><strong>maiorum</strong></span> <span class='ocrx_word' id='word_1_139' title='bbox 1022 2055 1209 2141; x_wconf 90' lang='lat' dir='ltr'><strong>supplicium</strong></span> 
     </span>
     <span class='ocr_line' id='line_1_19' title="bbox 178 2157 1242 2244; baseline 0.004 -21"><span class='ocrx_word' id='word_1_140' title='bbox 178 2159 319 2242; x_wconf 78' lang='lat' dir='ltr'><strong>sumpsit.</strong></span> <span class='ocrx_word' id='word_1_141' title='bbox 342 2159 485 2224; x_wconf 89' lang='lat' dir='ltr'><strong>nonnulli</strong></span> <span class='ocrx_word' id='word_1_142' title='bbox 500 2158 650 2224; x_wconf 91' lang='lat' dir='ltr'><strong>iudicium</strong></span> <span class='ocrx_word' id='word_1_143' title='bbox 664 2158 757 2225; x_wconf 85' lang='lat' dir='ltr'><strong>veriti</strong></span> <span class='ocrx_word' id='word_1_144' title='bbox 772 2157 986 2244; x_wconf 77' lang='lat' dir='ltr'><strong>profugerumt.</strong></span> <span class='ocrx_word' id='word_1_145' title='bbox 1010 2159 1123 2242; x_wconf 89' lang='lat' dir='ltr'><strong>quibus</strong></span> <span class='ocrx_word' id='word_1_146' title='bbox 1138 2178 1209 2224; x_wconf 93' lang='lat' dir='ltr'><strong>cum</strong></span> <span class='ocrx_word' id='word_1_147' title='bbox 1227 2181 1242 2227; x_wconf 81' lang='lat' dir='ltr'><strong>e</strong></span> 
     </span>
     <span class='ocr_line' id='line_1_20' title="bbox 178 2261 1210 2347; baseline 0.001 -22"><span class='ocrx_word' id='word_1_148' title='bbox 178 2270 261 2343; x_wconf 80' lang='lat' dir='ltr'><strong>aqua</strong></span> <span class='ocrx_word' id='word_1_149' title='bbox 281 2267 377 2344; x_wconf 85' lang='lat' dir='ltr'><strong>atque</strong></span> <span class='ocrx_word' id='word_1_150' title='bbox 398 2262 467 2346; x_wconf 93' lang='lat' dir='ltr'><strong>igni</strong></span> <span class='ocrx_word' id='word_1_151' title='bbox 488 2261 714 2347; x_wconf 86' lang='lat' dir='ltr'><strong>interdixisset,</strong></span> <span class='ocrx_word' id='word_1_152' title='bbox 737 2261 816 2328; x_wconf 88' lang='lat' dir='ltr'><strong>duas</strong></span> <span class='ocrx_word' id='word_1_153' title='bbox 830 2261 972 2347; x_wconf 80' lang='lat' dir='ltr'><strong>legiones</strong></span> <span class='ocrx_word' id='word_1_154' title='bbox 986 2261 1029 2327; x_wconf 87' lang='lat' dir='ltr'><strong>ad</strong></span> <span class='ocrx_word' id='word_1_155' title='bbox 1042 2262 1123 2328; x_wconf 90' lang='lat' dir='ltr'><strong>fines</strong></span> <span class='ocrx_word' id='word_1_156' title='bbox 1136 2263 1210 2326; x_wconf 68' lang='lat' dir='ltr'><strong>‘Ire-</strong></span> 
     </span>
     <span class='ocr_line' id='line_1_21' title="bbox 179 2362 1210 2450; baseline 0.001 -22"><span class='ocrx_word' id='word_1_157' title='bbox 179 2383 331 2448; x_wconf 86' lang='lat' dir='ltr'><strong>vemrum,</strong></span> <span class='ocrx_word' id='word_1_158' title='bbox 354 2363 434 2430; x_wconf 87' lang='lat' dir='ltr'><strong>duae</strong></span> <span class='ocrx_word' id='word_1_159' title='bbox 456 2364 491 2429; x_wconf 95' lang='lat' dir='ltr'><strong>in</strong></span> <span class='ocrx_word' id='word_1_160' title='bbox 513 2362 720 2450; x_wconf 84' lang='lat' dir='ltr'><strong>Lingonibus,</strong></span> <span class='ocrx_word' id='word_1_161' title='bbox 744 2384 802 2431; x_wconf 87' lang='lat' dir='ltr'><strong>sex</strong></span> <span class='ocrx_word' id='word_1_162' title='bbox 828 2364 966 2448; x_wconf 86' lang='lat' dir='ltr'><strong>reliquas</strong></span> <span class='ocrx_word' id='word_1_163' title='bbox 994 2364 1210 2432; x_wconf 76' lang='lat' dir='ltr'><strong>insanorum</strong></span> 
     </span>
    </p>
   </div>
   <div class='ocr_carea' id='block_1_3' title="bbox 178 2464 1210 2756">
    <p class='ocr_par' dir='ltr' id='par_1_4' title="bbox 178 2453 1210 2756">
     <span class='ocr_line' id='line_1_22' title="bbox 178 2464 1210 2551; baseline 0 -21"><span class='ocrx_word' id='word_1_164' title='bbox 178 2464 293 2532; x_wconf 86' lang='lat' dir='ltr'><strong>finibus</strong></span> <span class='ocrx_word' id='word_1_165' title='bbox 308 2466 465 2550; x_wconf 88' lang='lat' dir='ltr'><strong>Agedinci</strong></span> <span class='ocrx_word' id='word_1_166' title='bbox 486 2467 520 2532; x_wconf 93' lang='lat' dir='ltr'><strong>in</strong></span> <span class='ocrx_word' id='word_1_167' title='bbox 542 2466 682 2534; x_wconf 89' lang='lat' dir='ltr'><strong>hibernis</strong></span> <span class='ocrx_word' id='word_1_168' title='bbox 697 2467 861 2534; x_wconf 87' lang='lat' dir='ltr'><strong>collocavit</strong></span> <span class='ocrx_word' id='word_1_169' title='bbox 882 2467 1101 2551; x_wconf 85' lang='lat' dir='ltr'><strong>frumentoque</strong></span> <span class='ocrx_word' id='word_1_170' title='bbox 1124 2486 1210 2532; x_wconf 88' lang='lat' dir='ltr'><strong>exer-</strong></span> 
     </span>
     <span class='ocr_line' id='line_1_23' title="bbox 179 2567 1209 2655; baseline 0.001 -22"><span class='ocrx_word' id='word_1_171' title='bbox 179 2568 253 2634; x_wconf 91' lang='lat' dir='ltr'><strong>citui</strong></span> <span class='ocrx_word' id='word_1_172' title='bbox 282 2569 417 2654; x_wconf 85' lang='lat' dir='ltr'><strong>proviso,</strong></span> <span class='ocrx_word' id='word_1_173' title='bbox 451 2575 487 2634; x_wconf 88' lang='lat' dir='ltr'><strong>ut</strong></span> <span class='ocrx_word' id='word_1_174' title='bbox 515 2570 707 2655; x_wconf 87' lang='lat' dir='ltr'><strong>instituerat,</strong></span> <span class='ocrx_word' id='word_1_175' title='bbox 741 2571 775 2634; x_wconf 93' lang='lat' dir='ltr'><strong>in</strong></span> <span class='ocrx_word' id='word_1_176' title='bbox 804 2569 928 2634; x_wconf 87' lang='lat' dir='ltr'><strong>Italiam</strong></span> <span class='ocrx_word' id='word_1_177' title='bbox 961 2567 1003 2633; x_wconf 91' lang='lat' dir='ltr'><strong>ad</strong></span> <span class='ocrx_word' id='word_1_178' title='bbox 1037 2575 1209 2634; x_wconf 89' lang='lat' dir='ltr'><strong>conventus</strong></span> 
     </span>
     <span class='ocr_line' id='line_1_24' title="bbox 178 2670 577 2756; baseline 0.005 -22"><span class='ocrx_word' id='word_1_179' title='bbox 178 2670 318 2754; x_wconf 79' lang='lat' dir='ltr'><strong>agendos</strong></span> <span class='ocrx_word' id='word_1_180' title='bbox 339 2672 499 2756; x_wconf 81' lang='lat' dir='ltr'><strong>profectus</strong></span> <span class='ocrx_word' id='word_1_181' title='bbox 521 2678 577 2737; x_wconf 88' lang='lat' dir='ltr'><strong>est.</strong></span> 
     </span>
    </p>
   </div>
   <div class='ocr_carea' id='block_1_4' title="bbox 271 3011 1111 3289">
    <p class='ocr_par' dir='ltr' id='par_1_5' title="bbox 271 3011 1111 3289">
     <span class='ocr_line' id='line_1_25' title="bbox 475 3011 910 3096; baseline -0.002 0"><span class='ocrx_word' id='word_1_182' title='bbox 475 3015 509 3096; x_wconf 86' lang='lat' dir='ltr'><strong>e.</strong></span> <span class='ocrx_word' id='word_1_183' title='bbox 537 3013 655 3096; x_wconf 82' lang='lat' dir='ltr'><strong>nnn</strong></span> <span class='ocrx_word' id='word_1_184' title='bbox 682 3011 910 3096; x_wconf 76' lang='lat' dir='ltr'><strong>ernanus</strong></span> 
     </span>
     <span class='ocr_line' id='line_1_26' title="bbox 271 3183 1111 3289; baseline 0.001 -2"><span class='ocrx_word' id='word_1_185' title='bbox 271 3188 376 3287; x_wconf 77' lang='lat' dir='ltr'><strong>DE</strong></span> <span class='ocrx_word' id='word_1_186' title='bbox 422 3186 695 3289; x_wconf 78' lang='lat' dir='ltr'><strong>BELLO</strong></span> <span class='ocrx_word' id='word_1_187' title='bbox 744 3183 1111 3288; x_wconf 81' lang='lat' dir='ltr'><strong>GALLIOO</strong></span> 
     </span>
    </p>
   </div>
   <div class='ocr_carea' id='block_1_5' title="bbox 428 3403 958 3468">
    <p class='ocr_par' dir='ltr' id='par_1_6' title="bbox 428 3403 958 3468">
     <span class='ocr_line' id='line_1_27' title="bbox 428 3403 958 3468; baseline -0.004 -4"><span class='ocrx_word' id='word_1_188' title='bbox 428 3403 736 3468; x_wconf 73' lang='lat' dir='ltr'>COMMENTARIUS</span> <span class='ocrx_word' id='word_1_189' title='bbox 757 3403 958 3464; x_wconf 79' lang='lat' dir='ltr'><strong>SEPTIMUS.</strong></span> 
     </span>
    </p>
   </div>
   <div class='ocr_carea' id='block_1_6' title="bbox 177 3595 1240 3887">
    <p class='ocr_par' dir='ltr' id='par_1_7' title="bbox 177 3595 1240 3887">
     <span class='ocr_line' id='line_1_28' title="bbox 279 3595 1240 3680; baseline 0.001 -19"><span class='ocrx_word' id='word_1_190' title='bbox 279 3599 305 3661; x_wconf 90' lang='lat'><strong>1.</strong></span> <span class='ocrx_word' id='word_1_191' title='bbox 329 3595 444 3673; x_wconf 86' lang='lat' dir='ltr'><strong>Quieta</strong></span> <span class='ocrx_word' id='word_1_192' title='bbox 463 3597 566 3664; x_wconf 79' lang='lat' dir='ltr'><strong>Gallia</strong></span> <span class='ocrx_word' id='word_1_193' title='bbox 588 3597 714 3680; x_wconf 76' lang='lat' dir='ltr'><strong>Caesar,</strong></span> <span class='ocrx_word' id='word_1_194' title='bbox 737 3601 772 3660; x_wconf 90' lang='lat' dir='ltr'><strong>ut</strong></span> <span class='ocrx_word' id='word_1_195' title='bbox 795 3596 1008 3679; x_wconf 89' lang='lat' dir='ltr'><strong>constituerat,</strong></span> <span class='ocrx_word' id='word_1_196' title='bbox 1030 3595 1063 3660; x_wconf 93' lang='lat' dir='ltr'><strong>in</strong></span> <span class='ocrx_word' id='word_1_197' title='bbox 1085 3595 1208 3660; x_wconf 89' lang='lat' dir='ltr'><strong>Italiam</strong></span> <span class='ocrx_word' id='word_1_198' title='bbox 1228 3613 1240 3662; x_wconf 86' lang='lat' dir='ltr'><strong>r</strong></span> 
     </span>
     <span class='ocr_line' id='line_1_29' title="bbox 177 3695 1209 3784; baseline -0.002 -20"><span class='ocrx_word' id='word_1_199' title='bbox 177 3698 218 3764; x_wconf 79' lang='lat' dir='ltr'><strong>od</strong></span> <span class='ocrx_word' id='word_1_200' title='bbox 251 3706 425 3766; x_wconf 88' lang='lat' dir='ltr'><strong>conventus</strong></span> <span class='ocrx_word' id='word_1_201' title='bbox 457 3698 599 3784; x_wconf 85' lang='lat' dir='ltr'><strong>agendos</strong></span> <span class='ocrx_word' id='word_1_202' title='bbox 632 3698 847 3784; x_wconf 88' lang='lat' dir='ltr'><strong>proficiscitur.</strong></span> <span class='ocrx_word' id='word_1_203' title='bbox 897 3697 942 3763; x_wconf 92' lang='lat' dir='ltr'><strong>ibi</strong></span> <span class='ocrx_word' id='word_1_204' title='bbox 976 3697 1136 3783; x_wconf 86' lang='lat' dir='ltr'><strong>cognoscit</strong></span> <span class='ocrx_word' id='word_1_205' title='bbox 1168 3695 1209 3762; x_wconf 90' lang='lat' dir='ltr'><strong>de</strong></span> 
     </span>
     <span class='ocr_line' id='line_1_30' title="bbox 178 3798 1210 3887; baseline -0.005 -19"><span class='ocrx_word' id='word_1_206' title='bbox 178 3801 279 3868; x_wconf 83' lang='lat' dir='ltr'><strong>clodii</strong></span> <span class='ocrx_word' id='word_1_207' title='bbox 307 3801 414 3887; x_wconf 87' lang='lat' dir='ltr'><strong>caede,</strong></span> <span class='ocrx_word' id='word_1_208' title='bbox 445 3801 486 3867; x_wconf 90' lang='lat' dir='ltr'><strong>de</strong></span> <span class='ocrx_word' id='word_1_209' title='bbox 512 3806 703 3884; x_wconf 83' lang='lat' dir='ltr'><strong>senatusque</strong></span> <span class='ocrx_word' id='word_1_210' title='bbox 733 3801 873 3866; x_wconf 89' lang='lat' dir='ltr'><strong>consulto</strong></span> <span class='ocrx_word' id='word_1_211' title='bbox 904 3799 1015 3865; x_wconf 90' lang='lat' dir='ltr'><strong>certior</strong></span> <span class='ocrx_word' id='word_1_212' title='bbox 1040 3798 1151 3882; x_wconf 83' lang='lat' dir='ltr'><strong>factus,</strong></span> <span class='ocrx_word' id='word_1_213' title='bbox 1174 3804 1210 3863; x_wconf 86' lang='lat' dir='ltr'><strong>nt</strong></span> 
     </span>
    </p>
   </div>
   <div class='ocr_carea' id='block_1_7' title="bbox 0 0 1488 4196">
    <p class='ocr_par' dir='ltr' id='par_1_8' title="bbox 0 0 1488 4196">
     <span class='ocr_line' id='line_1_31' title="bbox 0 0 1488 4196; baseline 0 0"><span class='ocrx_word' id='word_1_214' title='bbox 0 0 1488 4196; x_wconf 95' lang='lat' dir='ltr'><strong> </strong></span> 
     </span>
    </p>
   </div>
  </div>
 </body>
</html>
