2966 4196
402 285 511 341 ΟΟΜΜ.
525 286 574 341 IV.
595 285 988 344 OAP.xxvss1-xxxm.
1002 323 1003 327 =
1173 271 1213 335 81

180 459 409 543 suspicabatur.
455 459 562 541 itaque
583 457 625 522 ad
648 478 757 524 omnes
785 477 875 524 casus
898 459 1037 525 subsidia
1059 478 1249 544 compara-a

180 562 245 626 bat.
291 581 366 626 nam
389 566 422 626 et
443 559 634 626 frumentum
658 581 699 626 ex
721 561 806 644 agris
829 561 943 626 cotidie
964 563 997 628 in
1021 569 1122 628 castra
1146 583 1215 628 con-

181 664 305 729 ferebat
328 670 368 744 et,
393 683 473 746 quae
495 664 681 746 gravissime
703 662 840 728 adflictae
863 671 953 728 erant
974 685 1082 747 naves,
1107 685 1214 730 earum

181 769 313 832 materia
341 774 436 849 atque
466 786 539 832 aere
569 766 611 831 ad
632 767 770 850 reliquas
795 766 982 834 reficiendas
1011 769 1156 833 utebatur
1184 775 1215 832 et

182 890 262 952 quae
294 869 336 934 ad
370 889 424 934 eas
456 890 510 935 res
540 875 629 934 erant
658 870 738 953 usui,
769 889 810 935 ex
834 871 1006 935 continenti
1029 871 1215 954 comportari

181 972 318 1038 iubebat.
364 973 471 1054 itaque
495 992 566 1037 cnm
588 992 709 1037 summo
732 970 835 1037 studio
858 993 878 1036 a
904 973 1056 1038 militibus
1082 973 1247 1040 admisi-3

181 1081 340 1158 straretur,
363 1075 428 1140 XII
447 1076 583 1140 navibus
604 1075 738 1159 amissis,
761 1075 889 1158 reliquis
911 1081 946 1140 ut
967 1075 1111 1158 navigari
1134 1095 1213 1139 com-

179 1177 272 1242 mode
294 1183 410 1263 posset,
436 1178 548 1243 effecit.

282 1281 418 1344 XXXII.
464 1281 548 1344 Dum
578 1300 617 1346 ea
645 1287 805 1365 geruntur,
836 1281 960 1364 legione
988 1301 1029 1346 ex
1052 1286 1244 1349 consuetu-r

180 1382 253 1447 dine
275 1403 340 1447 una
361 1383 585 1448 frumentatum
606 1384 712 1464 missa,
736 1403 816 1466 quae
836 1384 1054 1468 appellabatur
1069 1384 1224 1468 septima,

178 1505 282 1569 neque
304 1485 368 1550 ulla
389 1484 431 1550 ad
453 1485 486 1550 id
501 1491 625 1569 tempus
639 1486 715 1550 belli
731 1485 908 1569 suspicione
924 1487 1118 1570 interposita,
1142 1506 1213 1550 cum

178 1609 252 1672 pars
274 1588 437 1660 hominum
458 1589 491 1653 in
513 1589 599 1671 agris
621 1595 807 1672 remaneret,
835 1609 908 1672 pars
932 1590 1026 1654 etiam
1052 1589 1085 1653 in
1110 1595 1213 1654 castra

178 1691 357 1776 ventitaret,
379 1691 412 1775 ii,
436 1693 489 1774 qui
511 1711 568 1776 pro
591 1692 689 1776 portis
712 1697 882 1758 castrorum
904 1692 937 1756 in
960 1692 1094 1756 statione
1113 1698 1211 1775 erant,

180 1795 308 1860 Caesari
329 1795 563 1878 nuntiaverunt,
586 1795 750 1879 pulverem
772 1794 932 1874 maiorem,
960 1814 1054 1876 quam
1086 1813 1211 1860 consue·

179 1895 254 1962 tudo
283 1898 388 1980 ferret,
418 1899 452 1962 in
482 1918 521 1962 ea
549 1905 638 1982 parte
660 1897 770 1981 videri,
802 1917 896 1978 quam
925 1897 958 1962 in
985 1903 1107 1981 partem
1128 1898 1211 1980 legio

180 2001 238 2066 iter
263 2000 400 2066 fecisset.
446 2001 562 2068 Caesar
588 2000 630 2084 id,
659 2000 743 2083 quod
770 2006 845 2082 erat,
876 2000 1060 2084 suspicatus,
1092 1999 1243 2082 aliquidn

179 2104 253 2168 novi
275 2124 295 2168 a
317 2104 459 2168 barbaris
481 2104 593 2168 initum
617 2103 747 2187 consilii,
772 2102 924 2186 cohortes
948 2103 1083 2186 quaein
1107 2103 1211 2168 statio-

179 2206 272 2272 nibus
299 2213 398 2291 erant,
422 2227 529 2272 secum
550 2208 583 2271 in
607 2227 677 2271 eam
696 2213 818 2291 partem
837 2205 1002 2290 proficisci,
1024 2226 1064 2270 ex
1083 2206 1211 2288 reliquis

181 2309 258 2374 duas
280 2310 312 2375 in
336 2311 502 2375 stationem
526 2309 669 2374 cohortes
684 2309 861 2392 succedere,
884 2309 1021 2392 reliquas
1043 2309 1158 2374 armari
1180 2315 1211 2374 et

181 2411 345 2476 confestim
375 2432 444 2477 sese
478 2412 626 2494 subsequi
658 2412 757 2477 iussit.
804 2432 874 2476 cum
907 2413 1001 2497 paulo
1034 2411 1159 2496 longius
1191 2431 1244 2478 aa

180 2513 289 2579 castris
311 2514 524 2598 processisset,
548 2533 621 2579 suos
643 2515 684 2579 ab
707 2513 849 2579 hostibus
876 2515 977 2598 premi
999 2520 1094 2596 atque
1116 2533 1211 2596 aegre

180 2615 333 2682 sustinere
360 2622 392 2680 et
421 2617 561 2681 conferta
590 2617 716 2699 legione
743 2636 784 2680 ex
811 2617 956 2682 omnibus
983 2617 1125 2700 partibus
1147 2616 1211 2680 tela

180 2720 280 2784 conici
302 2719 532 2784 animadvertit.
578 2740 653 2784 nam
676 2719 759 2802 quod
786 2719 872 2782 omni
899 2739 940 2784 ex
966 2718 1094 2800 reliquis
1116 2717 1244 2800 parti-4

179 2823 238 2888 bns
267 2821 411 2887 demesso
437 2821 593 2886 frumento
623 2842 696 2907 pars
726 2842 790 2886 una
818 2826 885 2886 erat
906 2821 1035 2904 reliqua,
1059 2819 1211 2903 suspicati

179 2925 284 2991 hostes
306 2924 369 2990 huc
390 2930 512 2990 nostros
536 2945 605 2990 esse
628 2931 777 2990 venturos
799 2930 894 2988 noctu
915 2923 949 2988 in
972 2923 1059 2988 silvis
1083 2922 1210 2988 delitue-

179 3035 263 3113 rant,
291 3034 358 3092 tum
385 3027 542 3112 dispersos
575 3027 725 3112 depositis
758 3029 853 3092 armis
882 3027 916 3091 in
946 3025 1093 3090 metendo
1124 3045 1243 3094 occu-5

180 3137 269 3216 patos
303 3131 405 3196 subito
438 3130 539 3196 adorti
572 3131 682 3215 paucis
714 3131 887 3195 interfectis
919 3130 1054 3211 reliquos
1084 3129 1210 3194 incertis

181 3234 340 3300 ordinibus
368 3235 639 3318 perturbaverant,
670 3234 762 3300 simul
793 3233 933 3316 equitatu
962 3238 1057 3316 atque
1092 3232 1210 3298 essedis

181 3337 457 3410 circumdederant.

280 3441 434 3506 XXXIII.
466 3441 573 3506 Genus
594 3440 654 3505 hoc
676 3447 724 3506 est
747 3460 787 3504 ex
810 3439 928 3506 essedis
950 3460 1085 3525 pugnae.
1109 3440 1209 3523 primo
1229 3459 1242 3506 1

180 3563 235 3626 per
267 3562 377 3608 omnes
410 3549 516 3627 partes
549 3543 748 3627 perequitant
782 3549 813 3608 et
843 3544 906 3608 tela
936 3543 1092 3608 coniciunt
1114 3548 1209 3624 atque

118 3667 134 3674 ‘
180 3646 247 3730 ipso
269 3653 386 3711 terrore
409 3667 557 3728 equorum
581 3652 612 3711 et
634 3647 766 3730 strepitu
785 3652 922 3710 rotarum
937 3645 1062 3710 ordines
1077 3645 1209 3728 plerum·
1256 3655 1259 3660 “

181 3769 239 3831 que
261 3749 454 3833 perturbant,
479 3756 510 3813 et
532 3769 603 3814 cum
626 3769 660 3814 se
682 3749 763 3813 inter
786 3749 924 3831 equitum
940 3754 1058 3812 turmas
1073 3747 1208 3811 insinua-

180 3859 303 3935 verunt,
344 3872 384 3916 ex
423 3851 542 3916 essedis
581 3851 728 3930 desiliunt
767 3857 798 3916 et
835 3850 969 3934 pedibus
1006 3850 1205 3933 proeliantur.

230 3961 335 4010 Cnesnr,
351 3961 376 4001 ds
390 3961 447 4000 bcllc
462 3961 550 4000 Gallico.
1039 3957 1053 4001 6
