2936 4192
258 187 277 248 8
596 200 645 253 DE
662 199 778 254 BELLO
799 199 961 255 GALLlCll

223 373 382 443 svirtutis
404 371 628 438 Helvetiorum.
674 371 758 455 quod
785 373 953 456 improviso
981 395 1077 439 unum
1099 396 1216 459 pagum
1237 379 1290 440 ad-

257 482 343 542 ortus
366 483 459 560 esset,
483 495 554 541 oum
576 475 607 559 ii,
631 474 685 558 qui
704 475 821 540 flumen
841 477 1035 560 transissent,
1058 479 1123 542 suis
1137 479 1290 543 auxilium

257 580 340 645 farre
362 599 426 644 non
448 583 588 664 possent,
615 597 656 643 ne
679 578 719 644 ob
743 599 813 644 eam
836 599 902 643 rem
923 586 979 644 aut
1001 600 1076 644 suae
1099 601 1290 665 magnopere

223 682 365 751 ovirtuti
387 681 540 747 tribueret
564 686 619 746 aut
641 681 726 765 ipsos
749 679 933 765 despiceret.
979 702 1014 746 se
1041 683 1085 746 ita
1105 703 1127 748 a
1146 683 1289 767 patribus

257 784 489 867 maioribusque
504 783 569 849 suis
585 783 741 866 didicisse,
763 790 797 847 ut
815 784 918 867 magis
934 785 1049 850 virtute
1065 785 1290 850 contenderent

224 907 352 970 uquam
374 886 446 951 dolo
467 892 523 952 aut
544 885 869 961 insidiisniterentur.
905 907 1001 970 quare
1017 908 1057 952 ne
1073 889 1288 972 committeret,

257 995 293 1055 ut
317 990 345 1056 is
371 990 467 1074 locus,
494 989 549 1055 ubi
576 988 798 1072 constitissent,
826 1008 867 1053 ex
895 990 1071 1054 calamitate
1097 991 1206 1075 populi
1230 991 1289 1055 Ro-

257 1093 344 1159 mani
366 1099 398 1158 et
423 1092 638 1158 internecione
665 1092 823 1157 exercitus
849 1112 964 1157 nornen
993 1099 1119 1176 caperet
1144 1099 1199 1158 aut
1228 1113 1288 1158 me-

257 1196 388 1260 moriam
410 1194 565 1280 proderet.

225 1319 238 1364 r
360 1299 445 1362 XIV.
469 1297 527 1363 His
547 1298 665 1364 Caesar
684 1297 728 1361 ita
746 1297 921 1382 respondit:
945 1319 982 1363 eo
1005 1300 1065 1363 sibi
1080 1301 1184 1365 minus
1202 1298 1289 1365 dubi-

257 1399 384 1465 tationis
399 1398 475 1483 dari,
496 1398 580 1482 quod
601 1419 655 1464 eas
674 1419 734 1482 res,
750 1419 828 1481 quas
842 1401 938 1482 legati
953 1401 1089 1466 Helvetii
1105 1421 1288 1467 commemo·

258 1509 388 1585 rassent,
404 1503 554 1567 memoria
568 1508 699 1585 teneret,
711 1510 806 1583 atque
818 1522 855 1567 eo
866 1504 993 1586 gravius
1005 1503 1096 1586 ferre,
1113 1505 1288 1586 quominus

223 1605 367 1672 emerito
387 1604 495 1689 populi
512 1605 646 1670 Romani
665 1603 867 1670 accidissent:
888 1606 941 1688 qui
960 1606 988 1671 si
1005 1607 1137 1672 alicuius
1156 1607 1288 1672 iniuriae

256 1707 317 1774 sibi
340 1708 483 1773 conscius
505 1707 625 1794 suisset,
653 1729 716 1774 non
738 1707 836 1775 fuisse
859 1707 987 1775 difficile
1014 1730 1139 1794 cavere;
1166 1709 1224 1776 sed
1250 1729 1287 1775 eo

257 1811 434 1896 deceptum,
454 1810 538 1895 quod
552 1831 655 1895 neque
672 1812 871 1878 commissum
885 1833 954 1879 ase
969 1813 1175 1897 intellegeret,
1191 1832 1287 1895 quare

223 1915 389 1997 stimeret,
420 1934 522 1996 neque
549 1915 618 1980 siue
645 1934 741 1979 causa
766 1914 940 1978 timendum
967 1921 1099 1996 putaret.
1150 1912 1287 1996 quodsi

257 2018 372 2082 veteris
395 2017 601 2081 contumeliae
623 2016 766 2080 oblivisci
785 2016 890 2098 vellet,
913 2036 989 2078 num
1005 2015 1099 2078 etiam
1114 2015 1286 2079 recentium

257 2119 446 2201 iniuriarum,
475 2117 559 2200 quod
586 2137 623 2182 eo
645 2109 745 2181 invito
767 2117 827 2181 iter
847 2137 905 2200 per
926 2116 1120 2200 provinciam
1142 2136 1199 2200 per
1221 2118 1286 2182 vim

257 2226 472 2304 temptassent,
503 2218 587 2302 quod
611 2218 749 2301 Aeduos,
780 2218 864 2301 quod
889 2219 1068 2302 Ambarros,
1096 2219 1179 2301 quod
1205 2221 1286 2284 Allo-

220 2324 371 2406 4br0gas
403 2328 592 2406 vexassent,
629 2321 811 2386 memoriam
848 2321 1007 2406 deponere
1039 2323 1154 2406 posse?
1203 2322 1287 2406 quod

256 2447 314 2492 sua
346 2426 477 2490 victoria
508 2431 572 2489 tarn
604 2425 776 2491 insolenter
808 2426 1014 2510 gloriarentur
1043 2426 1188 2509 quodque
1221 2432 1285 2490 tam

257 2528 310 2594 diu
332 2549 368 2594 se
389 2529 517 2614 impune
539 2528 669 2594 iniurias
690 2529 800 2595 tulisse
821 2528 1057 2614 admirarentur,
1086 2529 1196 2594 eodem
1219 2549 1285 2613 per-

219 2633 364 2700 stinere.
415 2651 583 2698 consuesse
612 2633 696 2696 enim
727 2631 803 2697 deos
833 2632 1036 2717 immortales,
1067 2652 1128 2716 quo
1157 2633 1284 2716 gravius

256 2735 399 2800 homines
421 2755 462 2800 ex
484 2735 725 2799 commutatione
751 2754 853 2799 rerum
876 2733 1012 2819 doleant,
1039 2755 1117 2818 quos
1143 2755 1199 2819 pro
1221 2754 1284 2800 soe·

256 2838 320 2902 lero
347 2857 453 2903 eorum
479 2838 587 2903 ulcisci
612 2838 720 2921 velint,
747 2837 797 2903 his
823 2837 1025 2904 secundiores
1051 2838 1208 2904 interdum
1233 2857 1284 2903 res

223 2945 289 3008 eet
321 2939 544 3005 diuturniorem
575 2940 794 3023 impunitatem
828 2940 1008 3007 concedere.
1065 2961 1136 3005 oum
1169 2960 1207 3005 ea
1239 2941 1284 3005 ita

257 3043 329 3126 sint,
356 3049 472 3126 tamen,
499 3043 527 3108 si
553 3040 679 3108 obsides
704 3043 745 3108 ab
767 3043 807 3109 iis
828 3043 890 3109 sibi
912 3043 1033 3126 dentur,
1061 3043 1106 3108 uti
1128 3064 1175 3126 ea,
1203 3062 1283 3126 quae

256 3145 470 3231 polliceantur,
496 3144 633 3210 facturos
654 3145 825 3228 intellegat,
849 3151 881 3209 et
902 3146 930 3210 si
950 3145 1069 3210 Aeduis
1092 3145 1132 3210 de
1153 3146 1282 3227 iniuriis,

257 3268 336 3332 quas
360 3248 438 3332 ipsis
463 3247 618 3330 sociisque
647 3266 753 3312 eorum
782 3247 957 3330 intulerint,
987 3248 1063 3312 item
1092 3247 1118 3314 si
1145 3249 1283 3313 Allobro-

256 3351 349 3434 gibus
379 3351 586 3435 satisfaeiant,
616 3369 687 3415 sese
717 3369 787 3414 oum
815 3349 855 3414 iis
880 3368 992 3432 pacem
1022 3370 1091 3416 esse
1117 3351 1281 3415 facturum.

223 3455 369 3522 tDivico
401 3453 576 3538 respondit;
613 3453 658 3517 ita
689 3451 851 3518 Helvetios
883 3472 904 3516 a
935 3453 1105 3518 maioribus
1138 3453 1202 3518 suis
1238 3453 1282 3516 in-

257 3557 380 3622 stitutos
402 3576 481 3640 esse,
509 3556 555 3620 uti
576 3553 701 3621 obsides
723 3554 875 3639 accipere,
902 3574 966 3619 non
989 3554 1064 3620 dare
1091 3556 1280 3620 consuerint:

242 3659 324 3740 veius
350 3660 394 3725 rei
417 3659 567 3745 populum
588 3660 763 3725 Romanum
790 3677 859 3724 esse
886 3663 1007 3725 testem.
1053 3657 1113 3724 hoo
1134 3678 1281 3744 responso

257 3761 330 3828 dato
353 3761 505 3829 discessit.
