2960 4192
467 278 574 334 CCIIII.
588 281 665 334 VIII.
685 280 767 334 CAP.
780 282 892 336 lI—VI.
1134 268 1196 330 189

162 452 412 517 demonstratum
442 457 498 516 est.
543 451 589 516 ita
619 473 689 516 cum
720 451 841 518 duabus
868 454 1045 538 legionibus
1067 455 1108 520 ad
1130 477 1197 540 per-

162 555 342 637 sequendos
367 555 520 620 Carnutes
546 555 760 639 proficIsoitur.

267 659 304 723 V.
352 659 430 724 Cum
452 657 539 722 sama
562 659 719 724 exereitus
748 659 790 724 ad
820 659 925 726 hostes
956 669 1038 728 essct
1065 664 1194 748 perlata,
1217 685 1227 730 1

162 762 343 827 calamitate
362 767 535 826 ceteromm
551 761 636 826 ducti
653 762 806 827 Carnutes
821 762 953 828 desertis
969 765 1047 829 vicis
1063 765 1196 849 oppidis-

164 885 236 947 que,
269 885 350 946 quae
379 863 560 928 tolerandae
590 865 703 929 hiemis
733 886 828 930 causa
858 867 1034 932 constitutis
1065 875 1195 952 repente
1240 860 1246 869 ’

162 968 288 1052 exiguis
316 965 357 1031 ad
384 967 604 1032 necessitatem
636 968 787 1033 aedificiis
817 969 998 1034 incolebant
1024 1009 1067 1017 —
1096 991 1197 1055 nuper

162 1073 248 1136 enim
283 1071 399 1136 devicti
433 1072 593 1155 complura
625 1071 743 1155 oppida
775 1072 959 1137 dimiserant
992 1111 1029 1119 —
1061 1073 1193 1157 dispersi

161 1173 352 1259 profugiunt.
378 1174 495 1239 Caesar
517 1181 716 1258 erumpentes
732 1195 769 1240 eo
791 1176 929 1240 maxime
952 1182 1091 1260 tempore
1113 1197 1229 1242 acer-a

161 1279 258 1342 rimas
288 1283 491 1360 tempestates
519 1297 589 1342 cum
619 1279 724 1343 subire
750 1279 865 1344 milites
888 1281 993 1362 nollet,
1024 1281 1058 1345 in
1081 1280 1195 1365 oppido

162 1381 335 1446 Carnutum
364 1380 491 1445 Cenabo
522 1385 625 1444 castra
657 1380 746 1464 ponit
775 1388 871 1464 atque
901 1383 935 1446 in
964 1389 1047 1448 tecta
1080 1385 1195 1467 partim

162 1485 332 1564 Gallorum,
355 1484 471 1568 partim
494 1503 575 1566 quae
599 1484 736 1548 collectis
759 1485 901 1550 celeriter
928 1489 1109 1551 stramentis
1131 1495 1195 1550 ten-

162 1587 310 1652 toriorum
336 1585 576 1672 integendorum
603 1586 705 1671 gratia
728 1593 818 1651 erant
843 1588 1054 1670 inaedificata,
1078 1590 1195 1653 milites

161 1691 327 1775 compegit.
364 1691 484 1772 equites
507 1696 613 1754 tamen
636 1696 667 1754 et
689 1691 871 1757 auxiliarios
892 1691 1015 1775 pedites
1037 1692 1070 1756 in
1086 1712 1228 1758 omnesa

160 1800 267 1878 partes
290 1793 395 1874 mittit,
419 1813 632 1876 quascumque
653 1794 770 1877 petisse
786 1794 971 1860 dicebantur
993 1795 1111 1880 hostes;
1135 1815 1195 1859 neo

160 1897 290 1980 frustra;
321 1917 396 1960 nam
425 1897 610 1980 plerumque
632 1916 750 1980 magna
771 1897 890 1980 praeda
916 1899 1007 1982 potiti
1030 1898 1128 1963 nostri
1149 1918 1195 1962 re·
1227 1910 1229 1913 ’

160 2007 334 2065 vertuntur.
379 2000 520 2084 oppressi
544 2000 698 2065 Carnutes
720 1999 832 2064 hiemis
856 2000 1050 2082 difficultate,
1078 2007 1228 2068 terrorer

160 2103 301 2188 periculi,
326 2123 396 2167 oum
419 2103 510 2167 tectis
533 2103 658 2186 expulsi
680 2105 765 2167 nullo
788 2104 855 2168 loco
880 2104 996 2168 diutius
1024 2105 1194 2168 consistere

159 2206 313 2272 auderent
334 2226 394 2270 neo
416 2207 566 2270 silvarum
587 2207 743 2290 praesidio
766 2207 1005 2291 tempestatibus
1021 2207 1194 2272 durissimis

160 2310 226 2394 tegi
248 2315 386 2393 possent,
410 2308 543 2393 dispersi
566 2331 682 2394 magna
703 2317 794 2394 parte
815 2311 932 2376 amissa
954 2331 1081 2376 suorum
1105 2311 1193 2376 dissi-

160 2418 276 2497 pantur
297 2412 330 2475 in
352 2411 502 2476 finitimas
525 2413 676 2477 civitates.

264 2516 318 2580 VI.
364 2514 480 2580 Caesar
506 2521 645 2598 tempore
675 2516 752 2580 anni
781 2515 975 2601 difficillimo,
1010 2538 1081 2581 cum
1117 2518 1224 2583 satisr

160 2619 292 2684 haberet
321 2618 545 2683 convenientes
574 2639 686 2683 manus
709 2619 870 2702 dissipare,
900 2639 941 2683 111
964 2619 1047 2701 quod
1070 2621 1194 2683 initium

136 2723 234 2820 ,beni
253 2728 443 2802 nasceretur,
467 2728 681 2804 quantumque
696 2721 729 2784 in
744 2721 865 2785 ratione
881 2727 972 2804 esset,
997 2722 1193 2804 exploratum

159 2827 291 2890 haberet
313 2826 370 2890 sub
394 2831 518 2908 tempus
540 2825 730 2889 aestivorum
752 2825 871 2887 nullum
894 2844 1050 2888 summum
1077 2825 1193 2888 bellurn

159 2949 252 3014 posse
275 2927 412 3008 conflari,
429 2929 542 2994 Gaium
556 2928 747 2992 Trebonium
771 2947 841 2991 cnm
863 2925 986 2992 duabus
1008 2927 1192 3011 legIonibus,

160 3053 238 3114 quas
261 3052 367 3096 secum
390 3032 537 3112 habebat,
560 3032 593 3094 in
616 3031 755 3095 hibernis
771 3030 891 3096 Cenabi
915 3031 1091 3115 collocarit;
1114 3031 1192 3114 ipse,
1212 3053 1226 3098 1
1329 3103 1332 3108 ,

159 3156 230 3200 cum
253 3135 370 3200 crebris
392 3135 603 3218 legationibus
624 3135 792 3198 Remorum
815 3133 927 3198 certior
948 3133 1038 3198 fieret
1052 3134 1192 3198 Bellova-

159 3257 220 3319 cos,
245 3237 299 3320 qui
322 3239 395 3302 belli
418 3238 518 3321 gloria
534 3237 639 3302 Ganos
662 3256 771 3301 omnes
785 3237 964 3320 Belgasque
979 3238 1192 3319 praestabant,

157 3341 369 3422 finitimasque
392 3341 442 3405 his
465 3341 608 3405 civitates
631 3339 710 3404 duce
728 3341 840 3405 Correo
862 3339 1030 3404 Bellovaco
1054 3346 1085 3404 et
1105 3341 1192 3406 Com-

158 3445 221 3509 mio
239 3445 391 3508 Atrebate
414 3444 571 3509 exercitus
595 3463 774 3526 comparare
797 3448 892 3524 atque
914 3442 947 3505 in
969 3463 1067 3506 unum
1089 3443 1190 3507 locum

158 3567 279 3630 cogere,
313 3553 349 3612 ut
381 3547 466 3612 omni
499 3545 698 3610 multitudine
728 3545 762 3608 in
792 3545 872 3610 fines
895 3545 1107 3626 Suessionum,
1139 3549 1189 3628 qui

157 3651 264 3714 Remis
294 3655 383 3714 crant
409 3649 560 3733 attributi,
589 3649 729 3713 Iacerent
759 3648 1006 3732 impressionem,
1034 3649 1191 3732 pertinere

156 3760 262 3817 autem
284 3773 347 3818 non
371 3759 492 3816 tantum
514 3751 556 3816 ad
578 3751 774 3836 dignitatem,
798 3751 854 3816 sed
877 3752 971 3815 etiam
994 3751 1187 3816 adsalutem

156 3875 247 3920 suam
280 3856 442 3936 iudicaret,
476 3856 594 3918 nullam
628 3855 837 3920 calamitatem
872 3855 971 3920 socios
1001 3855 1117 3939 optime
1151 3854 1189 3918 dc
