2936 4192
286 295 329 359 54
619 313 668 366 DE
685 311 801 410 Bulbo
819 312 980 368 GALLIGO

250 481 418 567 adimisit5
447 502 508 565 quo
535 483 568 548 in
595 502 724 548 numero
747 489 794 548 est
815 483 904 549 'litus
926 485 1124 552 Terrasidius
1147 486 1260 552 missus
1283 489 1315 551 in

285 585 428 666 Esubios,
455 586 579 651 Marcus
601 586 733 651 Trebius
756 586 864 651 Gallus
890 586 923 650 in
947 587 1156 670 Ouriosclitas,
1181 587 1317 665 Quintus

286 687 437 752 Velanius
460 707 530 752 cum
553 688 624 753 Tito
647 688 723 754 Silio
745 688 778 751 in
800 689 946 754 Venetos.

254 810 266 857 1
389 791 475 854 VIII.
520 791 621 855 Huius
643 797 691 856 est
714 790 850 855 civitatis
871 791 965 874 longe
991 793 1185 876 amplissima
1212 801 1314 859 aucto

286 894 362 958 ritas
395 893 497 958 omnis
530 913 602 958 orae
635 893 809 957 maritimae
838 893 1001 977 regIcnum
1031 915 1147 976 earum,
1179 896 1262 978 quod
1284 904 1315 961 ct

286 1014 384 1060 naves
405 995 525 1061 habent
538 996 651 1060 Veneti
674 995 833 1078 plurimas
857 996 970 1078 quibus
991 996 1025 1060 in
1044 997 1240 1062 Britanniam
1264 1020 1314 1063 na·

285 1097 394 1181 vigare
410 1104 608 1178 consuerunt,
625 1105 656 1162 et
671 1097 803 1162 scientia
817 1103 913 1179 atque
928 1119 985 1164 usu
1000 1099 1197 1164 nauticarum
1212 1121 1314 1165 rerum

285 1201 420 1282 reliquos
453 1199 645 1264 antecedunt
678 1206 709 1264 et
742 1200 775 1263 in
805 1220 920 1283 magno
950 1202 1068 1285 impetu
1098 1203 1193 1267 maris
1219 1209 1315 1285 atque

274 1289 403 1384 aperto,
427 1301 535 1386 paucis
558 1303 698 1386 portibus
720 1303 901 1384 interiectis,
925 1322 1001 1385 quos
1024 1309 1133 1368 tenent
1155 1304 1225 1390 ipsi,
1253 1327 1314 1370 om-

285 1424 342 1469 nes
364 1403 439 1484 fere,
463 1405 516 1486 qui
539 1423 575 1468 eo
598 1404 676 1468 mari
698 1404 744 1468 uti
767 1410 963 1486 consuerunt,
990 1405 1110 1470 habent
1132 1407 1312 1490 vectigales.

251 1498 325 1572 aab
349 1506 397 1571 his
420 1505 455 1570 fit
477 1507 600 1571 Initium
615 1506 771 1571 retinendi
794 1507 862 1573 Silii
883 1499 979 1590 atque
994 1509 1128 1589 Velanii,
1153 1509 1236 1592 quod
1259 1532 1315 1594 per

285 1625 339 1674 eos
361 1629 433 1674 suos
455 1628 491 1674 se
513 1608 647 1690 obsides,
672 1629 749 1692 quos
765 1611 877 1675 Crasso
893 1608 1063 1692 dedissent,
1087 1612 1313 1696 reciperaturos

250 1731 266 1779 s
285 1712 517 1778 existimabant.
548 1710 658 1776 horum
680 1712 864 1781 auctoritate
883 1711 1009 1777 finitimi
1023 1712 1161 1794 adducti,
1185 1721 1219 1778 ut
1241 1722 1313 1780 sunt

285 1815 442 1880 Gallorum
472 1815 577 1880 subita
606 1821 637 1879 et
658 1814 825 1899 repentina
852 1815 991 1895 consilia,
1022 1815 1132 1880 eadem
1155 1815 1195 1880 de
1218 1837 1313 1882 causa

283 1917 431 1982 Trebium
454 1915 727 1999 Terrasidiumque
749 1917 897 1997 retinent,
926 1924 956 1981 et
980 1918 1121 1983 celeriter
1147 1919 1250 1984 missis
1273 1921 1312 1984 le

282 2019 365 2102 gatis
394 2039 450 2102 per
479 2039 551 2084 suos
580 2019 738 2103 principes
768 2019 849 2084 inter
878 2039 914 2085 se
944 2021 1119 2102 coniurant,¹
1147 2021 1225 2086 nihil
1252 2023 1312 2087 nisi

284 2121 440 2186 communi
478 2121 605 2186 consilio
642 2127 766 2186 acturos
800 2121 997 2204 eundemque
1030 2124 1131 2188 omnis
1168 2123 1312 2190 fortunae

248 2223 403 2292 teritum
433 2241 502 2287 esse
523 2222 649 2302 laturos,
676 2223 875 2306 reliquasque
902 2224 1045 2290 civitates
1072 2226 1249 2308 sollicitant,
1279 2234 1311 2292 ut
1416 2281 1420 2286 .

284 2326 317 2390 in
341 2345 378 2389 ea
400 2323 553 2406 libertate,
577 2343 671 2406 quam
685 2345 705 2388 a
720 2325 889 2391 maioribus
907 2333 1104 2410 acceperant,
1127 2348 1312 2411 permanere

250 2449 378 2511 squam
412 2429 621 2492 Romanorum
653 2426 835 2493 servitutem
867 2427 1005 2512 perferre
1038 2430 1175 2494 mallent.
1226 2432 1311 2496 omni

283 2551 337 2597 ora
356 2529 512 2594 maritima
530 2529 731 2619 celeriterad
750 2550 839 2596 suam
857 2531 1046 2596 sententiam
1064 2531 1216 2615 perducta
1231 2553 1311 2598 com·

282 2653 409 2698 munem
430 2631 620 2716 legationem
641 2631 683 2696 ad
704 2633 849 2697 Publium
865 2633 1012 2699 Crassum
1034 2634 1169 2716 mittunt,
1193 2635 1220 2699 si
1235 2636 1313 2700 velit

282 2757 354 2803 suos
376 2736 524 2820 recipere,
548 2734 673 2801 obsides
696 2736 757 2801 sibi
779 2735 925 2800 remittat.

249 2861 263 2909 1
385 2840 441 2903 IX.
466 2837 587 2914 Quibus
609 2837 649 2902 de
671 2839 764 2903 rebus
785 2838 901 2903 Caesar
922 2837 963 2902 ab
980 2837 1091 2904 Crasso
1114 2838 1226 2903 certior
1248 2839 1313 2904 fac—

282 2949 342 3022 tus,
377 2940 459 3022 quod
492 2941 560 3024 ipse
593 2940 703 3004 aberat
735 2939 868 3022 longius,
903 2958 1001 3004 naves
1035 2939 1160 3004 interim
1197 2940 1308 3024 longas

281 3042 441 3109 aedificari
471 3043 504 3105 in
533 3041 662 3106 flumine
690 3041 812 3124 Ligere,
843 3039 926 3122 quod
952 3041 1054 3106 influit
1081 3042 1114 3104 in
1138 3041 1309 3124 Oceanum,

281 3145 416 3228 remiges
450 3163 490 3208 ex
523 3143 686 3228 provincia
718 3143 848 3223 institui,
883 3149 995 3208 nautas
1021 3145 1311 3227 gubernatoresque

247 3246 454 3331 scomparari
476 3246 572 3312 iubet.
617 3246 667 3310 his
693 3247 786 3311 rebus
813 3245 954 3310 celeriter
979 3245 1204 3312 administratis
1231 3247 1312 3330 ipse,

282 3371 352 3415 cum
374 3349 507 3434 primum
529 3349 682 3433 paranni
705 3355 826 3432 tempus
848 3347 957 3432 potuit,
980 3347 1022 3411 ad
1045 3349 1217 3412 exercitum
1240 3369 1311 3414 con—

247 3473 263 3522 s
282 3451 391 3518 tendit.
416 3450 530 3516 Veneti
552 3451 752 3534 reliquaeque
773 3451 848 3516 item
864 3449 1007 3514 civitates
1023 3449 1148 3533 cognito
1165 3451 1312 3516 Caesaris

281 3554 429 3635 adventu,
453 3553 545 3619 simul
561 3552 652 3635 quod,
677 3558 828 3635 quantum
847 3552 879 3616 in
895 3572 930 3618 se
952 3551 1075 3618 facinus
1096 3551 1307 3634 admisissent,

282 3657 517 3740 intellegebant,
544 3656 675 3739 legatos,
704 3654 786 3737 quod
812 3675 927 3734 nomen
953 3655 995 3720 ad
1028 3675 1136 3720 omnes
1164 3655 1311 3721 nationes

281 3765 425 3825 sanctum
447 3758 692 3840 inuiolatumque
714 3777 836 3841 semper
858 3756 977 3838 suisset,
1000 3763 1137 3822 retentos
1156 3759 1197 3823 ab
1221 3777 1255 3823 se
1278 3763 1312 3824 et

248 3863 314 3930 tin
348 3861 474 3928 vincula
508 3861 673 3942 coniectos,
707 3881 762 3944 pro
789 3859 1006 3943 magnitudine
1032 3860 1162 3944 periculi
1191 3861 1309 3927 bellum
