2960 4192
394 269 404 276 “
523 265 632 321 COMM.
645 267 723 321 VIII.
743 266 1012 322 GARXLVII—L.
1220 253 1280 316 211

253 439 348 504 mani.
394 439 482 504 cuius
510 439 753 523 postulationem
774 439 930 504 Antonius
961 459 1032 504 eum
1061 440 1214 506 iudicaret
1242 443 1283 507 ab

252 541 333 607 iusto
356 543 444 606 nasci
468 542 587 623 timore,
600 543 737 607 'veniam
752 523 873 626 petenti
889 541 985 624 dedit,
1009 542 1136 608 obsides
1151 545 1282 627 accepit.

355 851 426 916 Scio
450 851 618 917 Caesarem
640 851 834 935 singulorum
856 871 1010 916 annorum
1037 851 1177 935 singulos
1205 872 1284 918 eom·
1305 873 1336 921 ro

251 955 421 1018 mentarios
438 954 625 1039 confecisse
649 953 733 1037 quod
748 973 807 1037 ego
826 973 891 1019 non
913 955 1094 1020 existimavi
1115 954 1193 1020 milri
1215 975 1285 1022 esse

251 1055 441 1137 faciendum,
472 1063 639 1140 propterea
668 1055 752 1140 quod
780 1056 949 1138 insequens
979 1077 1090 1138 annus,
1117 1057 1153 1122 L.
1177 1058 1285 1139 Paulo,

251 1158 287 1224 (I.
310 1158 456 1223 Marcello
480 1159 669 1241 consulibua,
699 1159 802 1225 nullas
823 1143 922 1224 habet
950 1180 1141 1244 magnopere
1164 1161 1285 1226 Galliae

250 1281 301 1327 res
330 1269 446 1344 gestas.
491 1281 533 1327 ne
564 1263 633 1345 quis
663 1269 769 1327 tamen
797 1263 970 1348 ignoraret,
1005 1264 1116 1345 quibus
1145 1263 1179 1328 in
1208 1264 1285 1330 locis
1305 1285 1333 1332 rr

252 1364 368 1430 Caesar
383 1365 603 1447 exercitusque
619 1385 656 1430 eo
671 1373 812 1449 tempore
830 1365 974 1447 fuissent,
997 1386 1100 1450 pauca
1122 1385 1191 1432 esse
1214 1367 1281 1432 scri·

251 1467 356 1531 banda
378 1468 661 1551 coniungendaque
682 1467 756 1532 huic
779 1469 1001 1532 commentario
1024 1469 1128 1532 statui.

353 1571 468 1635 XLIX.
494 1572 611 1638 Cacsar
628 1571 662 1636 in
676 1571 787 1654 Belgio
810 1590 880 1636 cum
902 1571 1065 1652 hiemaret,
1088 1591 1185 1636 unum
1207 1571 1315 1641 illudr

251 1673 443 1756 propositum
465 1672 612 1754 habebat,
637 1673 796 1738 continere
818 1674 852 1737 in
873 1673 1012 1738 amicitia
1032 1673 1184 1755 civitates,
1207 1674 1285 1739 nulli

249 1795 339 1858 spem
372 1781 427 1840 aut
460 1795 588 1842 causam
622 1775 697 1840 dare
729 1795 895 1840 armorum.
947 1775 1027 1840 nihil
1059 1776 1143 1842 enim
1180 1773 1318 1844 miriusa

251 1878 386 1960 volebat,
411 1897 505 1960 quam
528 1879 586 1944 sub
604 1878 768 1944 decessum
791 1897 881 1943 suum
903 1879 1124 1944 necessitatem
1148 1879 1209 1944 sibi
1231 1879 1284 1943 ali-

249 2000 344 2063 quam
366 1981 486 2064 imponi
507 1981 582 2046 belli
604 1979 745 2064 gerendi,
768 1999 819 2062 ne,
846 1999 918 2045 cum
940 1966 1113 2046 exercitum
1137 1980 1285 2046 deductu-

249 2103 302 2148 rus
325 2090 417 2165 esset,
442 2085 560 2149 bellum
581 2083 708 2166 aliquod
730 2079 966 2166 relinqueretur,
991 2083 1074 2166 quod
1097 2084 1198 2150 omnis
1214 2083 1285 2149 Gal-

250 2187 293 2250 lia
325 2187 460 2252 libenter
493 2188 561 2252 sine
591 2187 751 2271 praesenti
780 2183 919 2271 periculo
950 2186 1132 2272 susciperet.
1177 2187 1318 2269 itaquae

250 2288 420 2354 honorifice
443 2289 588 2356 civitates
609 2289 809 2374 appellando,
837 2289 996 2374 principes
1023 2289 1171 2355 maximis
1197 2309 1285 2374 prae-

249 2391 320 2456 miis
354 2391 536 2474 afficiendo,
570 2393 658 2457 nulla
690 2412 787 2458 onera
819 2393 1014 2478 iniungendo
1048 2392 1205 2459 defessam
1238 2399 1285 2458 tot

248 2493 391 2560 adversis
418 2495 545 2578 proeliis
568 2495 703 2560 Galliam
727 2494 911 2560 condicione
933 2494 1066 2579 parendi
1088 2496 1217 2561 meliore
1239 2495 1284 2560 fu-

249 2597 309 2662 eilc
332 2598 364 2662 in
392 2617 471 2682 pace
495 2598 657 2662 continuit.

352 2701 388 2765 L.
420 2701 494 2784 Ipse
517 2699 657 2766 hibernis
679 2701 815 2785 peractis
838 2705 947 2764 eontra
968 2688 1227 2781 consuetudinem
1249 2701 1314 2767 inr

249 2803 374 2867 ltaliam
397 2822 491 2885 quam
512 2803 660 2868 maximis
681 2803 845 2868 itineribus
867 2811 916 2868 est
937 2802 1106 2887 profectus,
1128 2809 1164 2868 ut
1185 2803 1284 2868 muni·

248 2905 332 2988 eipia
354 2911 386 2970 et
400 2906 537 2970 colonias
552 2906 734 2990 appellaret,
759 2907 871 2988 quibus
886 2907 926 2970 M.
947 2905 1087 2986 Antonii,
1111 2905 1284 2988 quaestoris

249 3010 308 3090 sui,
333 3008 608 3074 commendaverat
638 3008 804 3074 sacerdotii
833 3009 1026 3093 petitionem.
1072 3007 1316 3076 contendebata

249 3111 335 3191 enim
357 3113 459 3194 gratia
481 3131 552 3176 enm
574 3111 708 3175 libenter
729 3132 785 3195 pro
800 3111 928 3176 homine
944 3111 1003 3176 sibi
1019 3111 1283 3192 coniuuebssimo,

249 3234 344 3296 quem
366 3214 460 3298 paulo
475 3220 550 3279 ante
571 3214 777 3298 praemiserat
799 3213 841 3278 ad
862 3213 1148 3297 petitionem-tum
1170 3213 1284 3279 aeriter
1356 3217 1358 3222 '

249 3325 359 3382 contra
380 3316 550 3381 factionem
573 3323 605 3381 et
625 3317 799 3400 potentiam
821 3336 1000 3401 paucorum,
1029 3317 1080 3398 qui
1096 3317 1137 3380 M.
1154 3316 1284 3382 Antonii

249 3421 375 3504 repulsa
391 3419 534 3486 Caesaris
557 3418 740 3484 decedentis
761 3420 896 3503 gratiam
911 3419 1088 3484 convellere
1104 3419 1281 3502 cupiebant.

249 3521 334 3588 bunc
357 3523 416 3588 etsi
431 3542 583 3606 augurem
596 3523 683 3606 prius
698 3522 827 3604 factum,
851 3543 944 3606 quam
964 3522 1088 3587 Italiam
1103 3521 1282 3606 attingeret,
1300 3542 1316 3590 a

250 3624 284 3689 in
305 3626 418 3690 itinere
441 3624 593 3706 audierat,
616 3631 723 3690 tamen
745 3645 809 3690 non
831 3625 935 3690 minus
950 3625 1066 3690 iustam
1081 3625 1142 3689 sibi
1157 3643 1283 3690 eausam

250 3728 422 3812 municipia
444 3733 476 3792 et
499 3727 635 3793 colonias
656 3727 795 3794 adeundi
818 3727 1020 3810 existimavit,
1046 3733 1081 3792 ut
1103 3727 1142 3793 iis
1164 3727 1282 3812 gratias

249 3835 369 3913 ageret,
401 3828 485 3912 quod
514 3829 723 3912 frequentiam
750 3837 844 3914 atque
871 3830 1010 3898 officium
1032 3849 1124 3897 suum
1145 3831 1282 3896 Antonio

1077 3936 1127 3986 14*
