2966 4196
350 278 410 343 156
683 294 733 347 DE
750 292 865 348 BELLO
883 292 1045 348 GALLICO

312 487 329 536 s
347 466 507 550 legionum
519 471 662 532 constare
673 465 841 532 videretur.
857 465 917 546 his,
933 486 1027 548 quam
1041 465 1224 548 longissime
1239 471 1381 549 possent,
1471 462 1472 490 ¹

347 568 494 654 progredi
523 568 624 651 iussis,
656 589 727 633 cum
756 569 819 632 iam
842 588 884 632 ex
906 567 969 632 diei
999 574 1139 652 tempore
1169 568 1382 633 coniecturam

349 677 484 755 caperet,
514 671 547 735 in
577 678 680 736 castra
709 678 905 755 perventum,
935 670 1048 736 iisdem
1078 671 1217 752 sublicis,
1248 690 1381 752 quarum

348 795 421 858 pars
442 774 570 838 inferior
591 775 715 858 integra
736 774 928 857 remanebat,
956 781 1085 858 pontem
1107 773 1236 839 reficere
1266 773 1379 857 coepit.

313 876 489 945 sceleriter
511 877 622 941 effecto
645 896 740 960 opere
762 867 1002 960 legionibusque
1023 875 1175 941 traductis
1195 881 1227 940 et
1248 877 1381 940 100000-

313 980 419 1046 astris
449 979 561 1043 idoneo
592 979 713 1043 delecto
743 980 878 1062 reliquas
909 980 1015 1063 copias
1037 980 1207 1044 revocavit.
1253 978 1381 1043 Vercin-

346 1082 469 1165 getorix
491 1101 526 1145 re
548 1082 683 1164 cognita,
707 1101 747 1146 ne
771 1088 879 1146 contra
901 1102 990 1146 suam
1013 1082 1207 1146 voluntatem
1230 1080 1381 1144 dimicare

347 1191 518 1267 cogeretur,
541 1185 666 1267 magnis
688 1183 852 1249 itineribus
875 1185 1053 1250 antecessit.

315 1309 328 1355 1
449 1286 598 1350 XXXVI.
645 1287 762 1352 Caesar
793 1307 833 1350 ex
864 1307 901 1351 eo
931 1288 998 1373 loco
1029 1287 1145 1369 quintis
1173 1287 1283 1351 castris
1307 1287 1381 1352 Ger·
1417 1285 1423 1295 ’

346 1391 472 1474 goviam
486 1389 631 1473 pervenit
646 1390 845 1472 equestrique
861 1409 898 1455 eo
914 1390 965 1454 die
980 1391 1098 1474 proelio
1118 1391 1181 1455 levi
1197 1390 1289 1467 facto,
1313 1409 1380 1473 per·

347 1499 454 1577 specto
477 1491 562 1555 urbis
585 1492 655 1572 situ,
680 1512 761 1574 quae
783 1494 886 1577 posita
908 1494 939 1556 in
963 1493 1114 1558 altissimo
1141 1499 1247 1557 monte
1270 1511 1380 1556 omnes

346 1596 449 1660 aditus
471 1594 615 1658 difficiles
637 1593 784 1678 habebat,
809 1594 848 1659 de
869 1596 1104 1679 expugnatione
1126 1595 1315 1680 desperavit,
1338 1593 1380 1659 de

347 1698 527 1764 obsessione
560 1717 623 1761 non
657 1697 743 1780 prius
777 1696 936 1781 agendum
971 1699 1146 1782 constituit,
1185 1719 1279 1780 quam
1312 1717 1380 1762 rem

312 1801 582 1870 aimmentariam
605 1799 795 1883 expedisset.
830 1807 863 1864 at
885 1801 1125 1884 Vercingetorix
1148 1802 1258 1866 castris
1280 1820 1380 1883 prope
1474 1797 1475 1802 ’

346 1903 496 1988 oppidum
523 1903 633 1986 positis
659 1901 868 1968 mediocribus
896 1904 1011 1968 circum
1034 1923 1069 1969 00
1096 1905 1269 1969 intervallis
1291 1923 1380 1986 sepa·

345 2008 437 2072 ratim
470 2006 664 2090 singularum
697 2005 860 2071 civitatum
895 2007 1001 2090 copias
1035 2008 1250 2090 collocaverat,
1284 2011 1379 2088 atque

346 2109 492 2175 omnibus
514 2109 581 2173 eius
603 2109 669 2191 iugi
693 2109 823 2174 collibus
839 2109 1009 2194 occupatis,
1033 2131 1095 2193 qua
1110 2110 1231 2195 despici
1245 2115 1378 2195 poterat,

312 2211 527 2282 ehorribilem
550 2212 688 2295 speciem
717 2212 891 2296 praebebat
921 2213 1143 2297 principesque
1170 2233 1277 2278 earum
1307 2211 1380 2276 civi·

346 2321 459 2395 tatum,
493 2333 571 2396 quos
609 2313 670 2379 sibi
707 2314 750 2378 ad
788 2316 951 2380 consilium
985 2316 1173 2400 capiendum
1208 2315 1378 2399 delegerat,

346 2418 447 2501 prima
475 2411 545 2480 luce
575 2415 689 2481 cotidie
719 2417 761 2481 ad
791 2437 826 2482 se
856 2419 1024 2483 convenire
1055 2419 1193 2498 iubebat,
1225 2416 1379 2500 seuquid

312 2519 656 2603 scommunioandum,
691 2540 747 2584 seu
780 2520 856 2603 quid
892 2521 1177 2586 administrandum
1210 2521 1379 2602 videretur,

347 2644 448 2706 neque
470 2623 568 2686 ullum
590 2621 656 2687 fere
678 2622 763 2687 diem
784 2624 1021 2708 intermittebat,
1044 2625 1120 2707 quin
1137 2625 1274 2707 equestri
1292 2643 1380 2708 proe-

346 2728 388 2791 lio
409 2725 580 2790 interiectis
603 2726 782 2809 sagittariis,
810 2725 886 2808 quid
915 2727 947 2790 in
972 2747 1094 2810 quoque
1117 2733 1201 2793 esset
1221 2727 1319 2791 animi
1341 2746 1381 2790 ac

312 2829 469 2898 evirtutis
503 2847 642 2909 suorum,
676 2830 912 2912 periclitaretur.
959 2836 1025 2894 e'rat
1060 2850 1077 2894 0
1108 2831 1237 2914 regione
1271 2828 1381 2913 oppidi

346 2932 433 2998 collis
455 2933 513 2996 sub
536 2930 614 3014 ipsis
636 2931 794 2997 radicibus
816 2932 931 2997 montis
961 2934 1088 3017 egregie
1117 2933 1255 2998 munitus
1283 2937 1381 3014 01000

346 3055 387 3099 ex
417 3034 501 3100 omni
529 3039 620 3117 parte
643 3033 855 3119 circumcisus;
879 3055 972 3117 quem
1002 3036 1030 3102 01
1051 3041 1195 3100 tenerent
1216 3035 1324 3117 nostri,
1348 3039 1382 3098 01

345 3158 447 3220 00000
468 3156 586 3220 magna
607 3141 696 3220 parte
720 3143 751 3200 01
772 3139 976 3222 pabulatione
998 3138 1098 3202 libera
1118 3137 1306 3222 prohibituri
1327 3137 1381 3202 ho-

312 3262 327 3309 0
346 3249 409 3308 0100
431 3239 629 3306 videbantur.
675 3239 732 3305 sed
761 3240 788 3306 is
810 3241 897 3306 locus
920 3241 1076 3325 praesidio
1099 3241 1139 3305 ab
1166 3240 1225 3324 his,
1249 3261 1312 3305 non
1335 3239 1381 3304 ni-

313 3344 405 3410 rmis
434 3343 523 3407 firmo
554 3349 661 3406 tamen
690 3343 865 3408 tenebatur.
912 3343 1036 3408 silentio
1066 3343 1168 3408 noctis
1191 3343 1308 3409 Caesar
1338 3363 1380 3408 ex

347 3447 456 3511 castris
486 3464 645 3528 egressus,
676 3446 857 3529 priusquam
887 3445 1027 3512 subsidio
1057 3466 1098 3510 ex
1131 3445 1247 3531 oppido
1277 3446 1381 3511 veniri

346 3555 460 3633 posset,
485 3547 607 3612 deiecto
629 3548 787 3632 praesidio
810 3550 928 3633 potitus
950 3550 1027 3632 loco,
1058 3548 1138 3614 duas
1163 3549 1209 3613 ibi
1237 3548 1380 3632 legiones

288 3641 296 3655 '
345 3651 509 3716 collocavit
538 3649 718 3732 fossamque
748 3651 905 3736 duplicem
929 3651 1109 3717 duodenum
1131 3651 1249 3736 pedum
1272 3673 1292 3716 a
1315 3673 1381 3717 ma·

345 3753 461 3820 icribus
484 3753 594 3818 castris
616 3753 658 3817 ad
680 3754 801 3819 minora
822 3755 980 3839 perduxit,
1003 3761 1038 3820 ut
1060 3761 1126 3820 tuto
1148 3756 1189 3820 ab
1212 3755 1381 3839 repentino

344 3854 479 3918 bostium
502 3855 628 3918 incursu
652 3855 746 3919 etiarn
770 3857 884 3939 singuli
908 3877 1082 3922 commeare
1104 3865 1243 3941 possent.
