2936 4192
455 292 563 349 colim
576 293 628 349 111.
646 292 730 349 cAP.
743 295 887 350 III-VII.
1145 282 1188 344 53

154 465 267 531 salutis
289 464 413 547 docent,
436 465 464 532 si
487 467 649 551 eruptione
672 466 757 532 lacta
771 474 946 532 extremum
961 468 1115 533 auxilium
1137 489 1190 534 ex·

155 569 339 652 perirentur.
383 569 491 651 itaque
513 570 693 636 convocatis
715 570 950 636 centurionibus
972 570 1114 636 celeriter
1135 571 1222 638 mie

154 671 227 738 lites
249 673 397 737 certiores
419 671 505 754 iacit,
528 672 688 757 paulisper
709 672 952 738 intermitterent
976 673 1129 758 proelium
1150 693 1189 738 ao

155 773 371 840 tantummodo
398 775 462 840 tela
488 774 585 840 missa
611 775 794 859 exciperent
820 795 917 858 seque
943 795 985 841 ex
1011 776 1118 842 labore
1144 795 1189 841 re-

154 877 293 958 ticerent,
322 883 394 961 post
423 876 497 943 dato
528 879 619 962 signo
652 898 694 944 ex
724 877 835 944 castris
864 885 1063 962 erumperent
1092 884 1189 960 atque

153 999 280 1045 omnem
303 999 391 1064 spem
414 979 524 1045 salutis
545 980 578 1044 in
601 980 717 1046 virtute
738 986 900 1065 ponerent.

257 1083 311 1148 VI.
358 1081 450 1159 Quod
476 1083 553 1148 iussi
583 1089 666 1164 sunt,
696 1083 817 1148 faciunt
845 1103 884 1149 ac
911 1083 1014 1149 subito
1041 1082 1220 1150 omnibusr

142 1185 251 1270 'portis
282 1185 445 1270 eruptione
473 1184 559 1250 facta
588 1205 691 1268 neque
725 1185 945 1269 cognoscendi,
980 1185 1056 1268 quid
1087 1183 1186 1266 fieret,

154 1308 257 1371 neque
279 1287 328 1354 sui
350 1287 518 1372 colligendi
540 1287 683 1354 hostibus
704 1287 887 1353 facultatem
908 1288 1097 1370 relinquunt.
1142 1288 1221 1355 itas

155 1396 345 1456 commutata
366 1389 492 1454 fortuna
508 1409 570 1470 eos,
594 1389 647 1472 qui
669 1390 703 1454 in
722 1409 811 1474 spem
832 1390 1051 1475 potiundorum
1075 1397 1199 1480 castrog

154 1514 222 1558 rum
249 1499 412 1574 venerant,
439 1491 579 1574 undique
607 1492 836 1558 circumventos
862 1493 1055 1559 interficiunt
1084 1499 1116 1558 et
1146 1513 1187 1558 ex

154 1595 316 1661 hominum
337 1595 464 1660 milibus
478 1595 613 1679 amplius
627 1595 732 1676 XXX,
749 1614 842 1676 quem
857 1613 1020 1660 numerum
1042 1595 1187 1661 barbaro

154 1719 222 1764 rum
244 1698 286 1763 ad
309 1704 412 1764 castra
433 1698 559 1763 venisse
581 1699 756 1778 constabat,
778 1698 850 1781 plus
871 1697 965 1762 tertia
986 1703 1076 1782 parte
1094 1698 1186 1762 inter-

153 1801 238 1866 fecta
268 1801 404 1883 reliquos
432 1801 613 1885 perterritos
642 1800 675 1864 iu
704 1799 814 1882 fugam
841 1799 996 1864 coniciunt
1024 1819 1063 1864 ac
1089 1819 1131 1864 ne
1151 1799 1185 1864 in

154 1904 230 1969 locis
253 1903 380 1986 quidem
402 1903 613 1987 superioribus
641 1901 810 1968 consistere
836 1901 1006 1986 patiuntur.
1052 1901 1098 1967 sic
1124 1921 1219 1970 ome
1269 1979 1274 1986 ,

154 2006 247 2072 nibus
274 2005 411 2071 hostium
438 2006 536 2090 copiis
562 2005 641 2070 fusis
663 2005 821 2087 armisque
844 2003 947 2069 exutis
970 2023 1004 2069 se
1026 2003 1059 2068 in
1083 2010 1186 2069 castra

154 2109 406 2191 munitionesque
434 2128 508 2174 suas
537 2109 700 2192 recipiunt.
747 2127 808 2190 quo
836 2107 954 2191 proelio
977 2106 1071 2188 facto,
1102 2105 1219 2189 quoda

154 2212 281 2296 saepius
302 2210 460 2276 fortunam
488 2216 642 2295 temptare
670 2211 772 2276 Galba
801 2211 929 2275 nolebat
950 2217 1046 2292 atque
1067 2209 1130 2276 alio
1152 2230 1186 2276 sc

154 2316 186 2379 iu
216 2315 350 2380 hiberna
380 2314 509 2379 consilio
538 2314 665 2378 venisse
695 2313 890 2394 meminerat,
919 2313 992 2378 aliis
1014 2313 1186 2378 occurrisse

155 2418 247 2482 rebus
277 2415 409 2497 viderat,
443 2417 581 2481 maxime
614 2415 763 2480 frumeuti
797 2423 1049 2498 commeatusque
1078 2415 1186 2500 inopia

155 2525 313 2604 permotus
334 2524 459 2602 postero
481 2518 533 2582 die
555 2519 700 2584 omnibus
723 2519 790 2583 eius
805 2517 867 2583 vici
881 2517 1034 2582 aedificiis
1048 2518 1186 2582 incensis

154 2623 187 2686 iu
209 2621 404 2706 provinciam
426 2621 542 2685 reverti
557 2620 728 2701 contendit,
743 2639 782 2685 ac
796 2620 880 2685 nullo
895 2619 985 2685 hoste
999 2619 1185 2704 prohibente
1203 2640 1218 2688 5

153 2731 209 2789 aut
238 2725 298 2788 iter
325 2723 507 2789 demorante
535 2723 723 2789 incolumem
751 2721 908 2805 legionem
936 2721 970 2784 in
997 2721 1185 2801 Nantuates,

155 2826 230 2892 inde
252 2827 286 2890 iu
307 2826 493 2909 Allobroges
515 2825 664 2910 perduxit
685 2825 793 2906 ibique
815 2824 974 2889 hiemavit.

257 2929 329 2994 Vll.
375 2929 433 2994 His
466 2931 559 2994 rebus
592 2928 691 3012 gestis
725 2947 796 2992 oum
831 2927 976 2992 omnibus
1008 2925 1049 2991 de
1083 2927 1215 2993 causisr

155 3034 272 3100 Caesar
294 3037 440 3116 pacatam
455 3031 590 3097 Galliam
606 3031 810 3111 existimaret,
833 3029 987 3114 superatis
1001 3029 1118 3113 Belgis,
1134 3049 1186 3093 ex·

155 3137 253 3220 pulsis
283 3135 457 3216 Germanis,
487 3134 580 3199 victis
610 3134 644 3198 in
673 3133 807 3217 Alpibus
836 3119 982 3213 Sedunis,
1014 3137 1110 3222 atque
1141 3132 1187 3196 ita

155 3239 234 3303 inita
261 3236 364 3302 hieme
389 3237 423 3301 in
446 3237 607 3320 Illyricum
628 3234 786 3320 profectus
813 3240 904 3316 esset,
932 3233 1016 3317 quod
1038 3254 1093 3299 eas
1115 3254 1186 3316 quo·

155 3360 217 3424 que
239 3339 384 3405 nationes
406 3337 493 3404 adire
516 3344 548 3403 et
569 3338 713 3422 regiones
736 3357 924 3420 cognoscere
946 3337 1081 3418 volebat,
1105 3338 1186 3403 subi-

156 3449 221 3508 tum
243 3443 361 3508 bellum
382 3442 416 3506 in
440 3441 543 3508 Gallia
565 3445 704 3506 coortum
726 3445 782 3504 est.
828 3439 896 3505 eius
922 3439 996 3506 belli
1022 3439 1102 3505 haec
1127 3440 1187 3504 fuit

155 3565 259 3611 causa.
297 3545 336 3609 P.
358 3544 489 3610 Crassus
510 3542 696 3609 adulescens
719 3562 790 3607 oum
812 3543 935 3627 legione
964 3543 1098 3626 septima
1119 3563 1219 3626 pro-a

157 3648 260 3713 ximus
289 3666 376 3711 mare
405 3646 566 3712 Oceanum
594 3647 629 3709 in
657 3644 803 3710 Andibus
828 3645 998 3710 hiemabat.
1042 3645 1080 3725 is,
1103 3643 1220 3726 quoda

156 3749 187 3814 in
211 3749 260 3815 bis
282 3749 359 3814 locis
381 3748 488 3832 inopia
510 3745 659 3812 frumenti
682 3754 758 3828 erat,
781 3747 956 3831 praefectos
983 3747 1187 3828 tribunosque

156 3851 288 3916 militum
316 3851 490 3934 complures
516 3849 550 3912 in
579 3848 728 3913 finitimas
756 3849 899 3916 civitates
921 3849 1068 3913 frumenti
1092 3869 1187 3914 causa
