2966 4196
301 214 362 280 108
630 231 680 284 DE
697 229 813 286 BELLC
832 229 994 285 GALLICO

261 405 431 473 ualterum
453 403 496 468 ad
515 403 629 470 Gaium
651 403 786 468 Fabium
807 403 947 487 legatum
970 403 1075 488 mittit,
1098 411 1133 468 ut
1155 403 1189 468 in
1204 404 1335 470 Atreba

299 516 366 572 tum
387 507 468 572 fines
488 506 646 591 legionem
664 505 811 590 adducat,
836 525 899 588 qua
914 505 975 571 sibi
996 505 1056 571 iter
1078 505 1259 572 faciendum
1282 508 1332 574 sit.

261 610 407 680 ascribit
432 609 583 694 Labieno,
614 610 642 676 si
670 609 863 694 reipublicae
893 607 1056 675 commodo
1082 609 1188 675 facere
1217 617 1333 695 posset,

300 733 372 779 cum
397 713 522 798 legione
548 712 691 778 adfines
713 713 901 778 Nerviorum
923 711 1040 776 veniat.
1086 713 1240 795 reliquam
1266 733 1333 798 par·

299 823 364 882 tem
386 816 552 899 exercituo,
576 815 660 898 quod
682 816 776 900 paulo
798 815 909 880 aberat
930 816 1065 900 longius,
1088 834 1153 880 non
1167 822 1258 900 putat
1281 837 1334 881 ex-

299 917 518 1004 spectandam,
543 919 664 1000 equites
691 918 812 982 circiter
839 917 1086 1002 quadringentos
1112 938 1154 983 ex
1181 919 1333 1003 proximis

299 1023 439 1088 hibernIs
461 1021 587 1105 colligit.

267 1150 280 1196 ι
401 1125 532 1190 XLVII.
577 1125 663 1189 Hora
685 1123 808 1189 circiter
830 1124 924 1190 tertia
948 1124 990 1190 ab
1013 1124 1269 1190 antecursoribus
1292 1124 1334 1190 de
1386 1185 1387 1188 ,

301 1228 406 1297 Crassi
427 1226 567 1292 adventu
590 1226 702 1294 certior
723 1226 826 1293 iactus
849 1248 886 1293 eo
909 1226 961 1292 die
983 1227 1070 1292 milia
1096 1247 1246 1312 passuum
1268 1229 1333 1293 XX

262 1330 450 1416 aprocedit.
496 1330 642 1396 Crassum
670 1329 910 1396 Samarobrivae
940 1331 1083 1415 praeficit
1112 1331 1333 1416 legionemque

300 1435 330 1500 ei
351 1433 503 1516 attribuit,
526 1431 610 1516 quod
624 1432 670 1498 ibi
684 1431 912 1518 impedimenta
927 1434 1093 1517 exercitus,
1117 1433 1244 1500 obsides
1259 1434 1333 1499 civi-

299 1545 413 1620 tatum,
440 1536 560 1602 litteras
589 1535 733 1620 publicas
762 1535 1016 1620 frumentumque
1046 1557 1148 1621 omne,
1180 1536 1265 1620 quod
1294 1557 1332 1602 co

262 1665 281 1713 a
299 1639 480 1710 tolerandae
502 1640 616 1706 hiemis
638 1660 733 1704 causa
755 1639 937 1722 devexerat,
960 1640 1166 1723 relinquebat.
1202 1641 1330 1724 Fabius,

298 1753 333 1812 ut
363 1745 552 1830 imperatum
582 1749 658 1825 erat,
688 1763 751 1808 non
781 1743 826 1807 ita
847 1744 980 1808 multum
1002 1749 1140 1809 moratus
1161 1743 1196 1808 in
1217 1743 1345 1808 itinere·

250 1872 282 1920 *4
299 1871 370 1916 cum
391 1848 517 1932 legione
532 1847 672 1913 occurrit.
703 1845 873 1929 Labienus,
895 1846 1025 1912 interitu
1046 1847 1156 1914 Sabini
1179 1854 1211 1912 et
1233 1847 1332 1913 caede

298 1953 470 2020 cohortium
497 1951 634 2035 cognita,
662 1969 733 2014 cum
755 1970 864 2016 omncs
890 1950 933 2015 ad
959 1971 1031 2016 eum
1052 1951 1260 2016 Treverorum
1283 1971 1331 2018 co

298 2058 370 2143 piae
384 2055 556 2137 venissent,
572 2053 700 2136 veritus,
723 2072 774 2137 ne,
798 2053 825 2118 si
848 2073 890 2118 ex
912 2053 1053 2119 hibernis
1075 2053 1171 2138 fugae
1194 2054 1330 2120 similem

298 2159 524 2244 prosectionem
553 2155 689 2239 iecisset,
720 2155 857 2221 hostium
890 2157 1043 2241 impetum
1077 2157 1233 2223 sustinere
1265 2179 1330 2224 non

297 2266 412 2346 posset,
445 2258 630 2343 praesertim
664 2277 742 2340 quos
774 2260 894 2324 recenti
924 2259 1055 2325 victoria
1088 2260 1191 2326 efferri
1225 2261 1328 2344 sciret,

261 2365 418 2434 slitteras
444 2361 572 2428 Caesari
600 2361 740 2443 remittit,
771 2368 888 2445 quanto
911 2382 983 2427 cum
1004 2363 1142 2447 periculo
1171 2363 1329 2448 legionem

297 2488 339 2534 ex
360 2464 501 2530 hibernis
523 2462 690 2530 educturus
713 2471 806 2547 esset,
833 2486 900 2531 rem
922 2471 1045 2550 gestam
1072 2466 1105 2530 in
1127 2467 1329 2532 Eburonibus

296 2568 474 2656 perscribit,
509 2567 600 2633 docet
636 2587 745 2634 omnes
778 2569 936 2653 peditatus
970 2570 1188 2653 equitatusque
1221 2570 1328 2654 copias

295 2676 503 2739 'lteverorum
525 2671 585 2736 tria
607 2671 694 2736 milia
716 2691 866 2755 passuum
885 2673 979 2757 longe
994 2673 1035 2737 ab
1051 2673 1116 2738 suis
1132 2673 1242 2738 castrIs
1257 2693 1327 2738 con·

296 2776 424 2843 sedisse.
1022 2847 1027 2855 ,

264 2903 276 2949 ι
395 2879 541 2944 XLVIII.
574 2877 690 2944 Caesar
704 2877 835 2943 consilio
850 2878 917 2943 eius
939 2879 1080 2962 probato,
1104 2880 1163 2944 etsi
1178 2879 1326 2963 opinione

295 2984 389 3050 trium
410 2982 569 3065 legionum
592 2978 731 3045 deiectus
753 2979 795 3044 ad
822 2979 900 3046 duas
921 2980 1067 3061 redierat,
1095 2988 1202 3046 tamen
1229 3003 1332 3048 uuum.

258 3084 467 3154 acommunis
490 3083 599 3148 salutis
620 3083 773 3147 auxilium
799 3083 833 3146 in
860 3083 1019 3148 celeritate
1045 3084 1192 3167 ponebat.
1238 3085 1325 3149 venit

294 3187 418 3272 magnis
447 3186 613 3251 itineribus
643 3185 675 3249 in
697 3185 885 3250 Nerviorum
914 3184 1003 3250 fines.
1049 3185 1094 3249 ibi
1122 3205 1163 3250 ex
1190 3187 1324 3270 captivis

181 3370 188 3383 ,
294 3289 463 3374 cognoscit,
488 3309 569 3370 quae
591 3287 676 3372 apud
700 3289 883 3354 Ciceronem
909 3295 1059 3372 gerantur
1086 3296 1264 3372 quantoque
1290 3292 1323 3355 iu

257 3391 431 3478 epericulo
452 3411 503 3456 res
525 3392 573 3456 sit.
615 3398 681 3456 tum
697 3391 821 3456 cuidam
844 3411 885 3456 ex
908 3392 1064 3473 equitibus
1080 3392 1178 3458 Callis
1199 3394 1323 3477 maguis

293 3495 441 3581 praemiis
463 3493 640 3578 persuadet,
664 3494 710 3558 uti
732 3493 773 3558 ad
795 3495 977 3560 Ciceronem
1001 3495 1167 3579 epistulam
1191 3495 1321 3561 deferat.

256 3621 275 3668 4
292 3599 375 3664 hanc
395 3597 523 3664 Graecis
539 3597 747 3680 conscriptam
761 3599 871 3663 litteris
887 3598 992 3682 mittit,
1009 3619 1049 3664 ne
1064 3599 1238 3683 intercepta
1261 3601 1323 3684 epi-

255 3703 375 3770 estula
395 3707 502 3767 nostra
523 3699 564 3764 ab
587 3699 729 3766 hostibus
752 3701 881 3766 consilia
903 3709 1139 3786 cognoscantur.
1186 3703 1212 3768 si
1234 3702 1322 3768 adire

291 3825 355 3869 non
378 3804 486 3890 possit,
509 3809 625 3885 monet,
648 3809 683 3867 ut
712 3805 867 3888 tragulam
897 3825 968 3870 cum
991 3807 1125 3890 epistula
1146 3805 1189 3870 ad
1217 3827 1322 3872 amen-

1434 4140 1477 4166 ,A
