2966 4196
469 258 578 315 count.
591 259 640 316 VI.
659 260 741 315 GAP.
754 261 897 316 Χ-ΧΙΙΙ,
1140 249 1197 309 121

271 432 344 496 XII.
392 432 469 498 Cum
494 433 611 498 Caesar
640 433 672 498 in
696 433 831 498 Galliam
853 433 950 518 uenit,
981 435 1109 500 alterius
1137 434 1233 503 sac-r

169 533 263 600 tionis
284 535 443 620 principes
467 542 556 600 erant
577 534 690 619 Aedui,
720 536 849 603 alterius
871 538 1019 620 Sequani.
1064 538 1098 604 hi
1130 558 1233 608 cumn

168 657 225 722 per
247 657 281 704 se
304 638 408 703 minus
423 639 574 722 valerent,
598 638 681 721 quod
704 659 827 704 summa
845 641 1014 706 auctoritas
1028 641 1201 725 antiquitus

168 739 289 804 eratin
312 739 433 806 Aeduis
455 761 653 825 magnaeque
676 761 784 807 eorum
810 750 900 809 erant
930 745 1104 829 clientelae,
1128 745 1201 812 Ger-

168 863 278 909 manos
304 850 399 926 atque
421 843 614 909 Ariovistum
639 844 700 910 sibi
726 844 938 910 adiunxerant
964 866 1080 930 eosque
1101 847 1144 912 ad
1165 867 1200 914 se

168 947 292 1030 magnis
311 947 438 1012 iacturis
457 947 797 1038 pollicitationibusque
817 948 1039 1033 perduxerant.
1074 950 1233 1034 pioeliisa

168 1068 242 1113 vero
272 1049 484 1133 compluribus
512 1049 605 1115 factis
635 1051 782 1117 secundis
810 1057 906 1135 atque
928 1052 1014 1134 omni
1035 1053 1199 1118 nobilitate

167 1151 347 1218 Aeduorum
377 1153 544 1218 interfecta
572 1159 696 1218 tantum
727 1155 870 1238 potentia
898 1161 1141 1240 antecesserant,
1165 1164 1232 1224 utt

167 1276 316 1338 magnam
338 1261 461 1339 partem
484 1255 646 1321 clientium
667 1256 708 1321 ab
730 1256 851 1323 Aeduis
873 1258 916 1323 ad
942 1279 978 1324 se
1000 1258 1199 1324 traducerent

167 1357 355 1440 obsidesque
377 1358 418 1423 ab
441 1358 480 1423 iis
501 1359 679 1444 principum
708 1359 789 1426 filios
810 1361 991 1445 acciperent
1013 1369 1045 1427 et
1072 1362 1198 1446 publice

167 1461 269 1526 iurare
292 1467 450 1545 cogerent,
481 1461 561 1526 nihil
590 1481 625 1527 se
647 1468 757 1528 contra
778 1463 943 1545 Sequanos
964 1464 1086 1530 consilii
1107 1465 1198 1530 initu·

167 1585 226 1645 ros,
251 1572 282 1630 et
303 1571 427 1649 partem
448 1564 574 1630 finitimi
595 1565 665 1649 agri
687 1565 831 1649 pervim
854 1574 1039 1651 occupatam
1061 1567 1198 1651 posside-

166 1674 238 1732 rent
259 1667 443 1751 Galliaeque
466 1668 561 1734 totius
582 1667 794 1752 principatum
820 1669 1008 1735 obtinerent.
1054 1689 1117 1752 qua
1145 1689 1230 1739 ne-rr

167 1771 312 1837 cessitate
327 1770 482 1836 adductus
493 1770 670 1836 Divitiaeus
684 1771 795 1836 auxilii
809 1769 939 1855 petendi
955 1790 1051 1838 causa
1064 1773 1196 1838 Romam

165 1875 208 1940 ad
229 1881 374 1940 senatum
400 1874 559 1959 profectus
588 1874 774 1958 imperfecta
803 1893 838 1939 re
867 1874 1012 1940 redierat.
1057 1873 1230 1946 adventuo
1294 1887 1296 1892 ’

166 1977 312 2044 Caesaris
340 1977 427 2042 facta
455 1977 700 2042 commutatione
732 1997 851 2062 rerum,
885 1977 1049 2044 obsidibus
1077 1977 1197 2045 Aeduis

165 2081 305 2166 redditis,
328 2080 489 2146 veteribus
511 2079 665 2146 clientelis
694 2081 855 2164 restitutis,
886 2081 977 2148 novis
1005 2101 1063 2166 per
1085 2082 1197 2149 (laesa-

164 2205 231 2250 rem
261 2184 458 2269 comparatis,
489 2182 574 2266 quod
602 2182 644 2268 hi,
676 2185 729 2268 qui
759 2203 794 2251 se
819 2184 862 2250 ad
891 2203 998 2251 eorum
1026 2185 1196 2251 amicitiam

164 2293 428 2372 aggregaverant,
450 2287 579 2352 meliore
594 2286 778 2354 condicione
792 2295 889 2371 atque
903 2289 1051 2372 aequiore
1065 2290 1196 2375 imperio

165 2411 199 2456 se
221 2392 268 2455 uti
282 2389 445 2474 videbant,
467 2389 597 2473 reliquis
618 2391 713 2456 rebus
728 2411 835 2457 eorum
853 2393 958 2476 gratia
979 2392 1196 2477 dignitateque

164 2494 365 2579 amplificata,
388 2493 528 2576 Sequani
549 2493 760 2579 principatum
787 2495 980 2560 dimiserant.
1025 2496 1060 2560 in
1089 2515 1227 2564 eorumr
1322 2483 1330 2500 ⁸

163 2599 266 2665 locum
294 2596 386 2662 Remi
415 2603 645 2680 successerant;
676 2616 753 2679 ques
783 2597 867 2679 quod
899 2597 1079 2680 adaequare
1110 2599 1194 2682 apud
1252 2613 1258 2628 ·

165 2702 333 2769 Caesarem
362 2699 467 2784 gratia
494 2699 747 2782 intellegebatur,
777 2699 809 2783 ii,
840 2700 895 2782 qui
922 2706 1050 2784 propter
1071 2705 1195 2766 veteres

162 2803 344 2870 inimicitias
366 2802 452 2867 nullo
474 2799 567 2866 modo
590 2821 661 2866 cum
675 2801 795 2867 Aeduis
811 2803 960 2886 coniungi
981 2808 1137 2887 poterant,
1159 2822 1194 2870 se

162 2907 271 2973 Remis
292 2907 325 2970 in
348 2905 526 2971 clientelam
548 2903 706 2970 dicabant.
737 2904 794 2970 hos
816 2904 861 2968 illi
883 2904 1052 2988 diligenter
1066 2905 1227 2974 tuebane

162 3016 226 3076 tur:
259 3011 305 3075 ita
338 3015 370 3076 et
401 3028 517 3074 novam
551 3014 584 3073 et
615 3014 747 3092 repente
780 3008 944 3073 collectam
975 3008 1193 3074 auctoritatem

162 3114 322 3179 tenebant.
369 3131 406 3177 eo
435 3117 502 3176 tum
533 3116 617 3176 statu
645 3130 696 3176 res
726 3115 808 3194 erat,
838 3116 874 3175 nt
906 3110 1001 3194 longe
1034 3110 1226 3196 principese

162 3216 352 3281 haberentur
373 3213 487 3296 Aedui,
517 3213 689 3278 seeundum
719 3213 822 3278 locum
844 3211 1008 3296 dignitatis
1028 3214 1120 3279 Remi
1141 3215 1193 3280 ob-

162 3320 305 3385 tinerent.

263 3424 353 3487 XIII.
391 3422 430 3486 In
452 3421 537 3486 omni
559 3420 663 3486 Gallia
685 3439 792 3484 eorum
814 3420 985 3501 hominum,
1010 3421 1064 3503 qui
1085 3422 1223 3504 aliquoi

160 3533 233 3592 sunt
255 3544 386 3591 numero
400 3530 495 3606 atque
517 3523 645 3604 honore,
667 3541 786 3607 genera
800 3530 872 3588 sunt
887 3522 963 3588 duo:
986 3543 1061 3588 nam
1082 3524 1192 3608 plebes

159 3650 262 3716 paene
292 3647 453 3695 servorum
483 3626 617 3692 habetur
637 3626 715 3710 loco,
740 3646 828 3709 quae
850 3625 929 3691 nihil
950 3625 1047 3691 audet
1068 3646 1125 3711 per
1146 3647 1190 3711 se,

159 3733 245 3799 nullo
267 3730 435 3796 adhibetur
457 3729 595 3795 consilio.
640 3730 792 3814 plerique,
822 3750 893 3794 cum
915 3717 970 3795 aut
992 3749 1066 3795 aere
1087 3731 1224 3799 alienor

159 3844 213 3901 aut
235 3831 455 3919 magnitudine
470 3833 656 3918 tributorum
678 3839 733 3896 aut
754 3833 869 3897 iniuria
890 3832 1100 3917 potentiorum
1123 3853 1190 3918 pre·
