2936 4192
484 288 591 344 oouu.
609 288 646 342 ιι.
666 288 749 345 cnr.
767 290 880 346 v-rx.
1160 275 1199 340 37

161 462 344 546 sagittarios
359 467 391 527 et
405 460 582 528 funditores
591 461 740 529 Baleares
752 463 892 531 subsidio
907 464 1074 550 oppidanis
1090 463 1201 549 mittit;

161 584 296 646 quornm
322 563 464 630 adventu
486 570 519 630 et
537 565 648 631 ¹Remis
673 585 745 631 cum
767 585 824 650 spe
846 566 1040 634 defensionis
1063 567 1201 634 studium
1220 587 1236 635 ι

164 666 387 753 propugnandi
415 668 557 752 accessit,
590 673 622 733 et
643 668 787 735 hostibus
809 669 921 735 eadem
944 669 985 736 dc
1013 690 1109 736 causa
1130 689 1203 754 spes

164 769 308 856 potiundi
328 769 437 856 oppidi
456 769 609 837 discessit.
632 771 740 854 itaque
762 773 923 857 paulisper
944 772 1031 858 apud
1052 771 1202 858 oppidum
1221 792 1236 839 s

164 873 278 939 morati
292 893 449 958 agrosque
463 875 632 940 Remorum
647 874 839 960 depopulati,
855 875 1002 941 omnibus
1017 875 1096 940 vicis
1118 874 1203 940 aedi·

163 976 317 1060 dolisque,
340 995 401 1059 quo
416 975 504 1045 adire
518 982 695 1062 potuerant,
716 977 853 1044 incensis
875 977 917 1044 ad
940 983 1043 1044 castra
1058 977 1202 1044 Caesaris

163 1071 312 1146 omnibus
335 1079 434 1165 copiis
457 1079 687 1146 contenderunt
709 1085 741 1146 et
761 1079 804 1146 ab
826 1081 954 1146 milibus
975 1099 1125 1166 passuum
1147 1079 1202 1144 mi·

165 1203 226 1249 nus
249 1181 371 1248 duobus
386 1188 491 1249 castra
512 1188 699 1267 posuerunt;
722 1203 804 1266 quae
819 1189 931 1268 eastra,
954 1189 990 1250 ut
1004 1183 1091 1249 fumo
1105 1187 1201 1266 atque
1219 1201 1236 1249 4

165 1286 294 1369 ignibus
316 1285 563 1370 significabatur,
586 1286 721 1370 amplius
747 1285 875 1353 milibus
900 1306 1051 1371 passuum
1073 1291 1144 1352 octo
1170 1285 1204 1350 in

166 1387 367 1454 latitudinem
388 1390 550 1474 patebant.
1062 1385 1063 1389 ’

270 1492 357 1557 VIII.
383 1492 499 1558 Caesar
512 1491 614 1577 primo
629 1499 661 1556 ct
676 1497 802 1577 propter
816 1491 1049 1558 multitudinem
1068 1491 1204 1558 hostium
1225 1514 1236 1557 r

166 1601 200 1658 et
221 1599 349 1679 propter
363 1595 514 1660 eximiam
530 1595 710 1679 opinionem
726 1595 851 1661 virtutis
865 1595 984 1679 proelio
999 1592 1204 1678 supersedere

165 1697 292 1782 statuit3
322 1697 437 1763 cotidie
467 1704 573 1762 tamen
605 1699 802 1780 equestribus
832 1697 968 1782 proeliis,
1000 1696 1076 1780 quid
1105 1694 1238 1763 hostisa

168 1800 284 1865 virtute
306 1805 413 1884 posset
435 1806 468 1866 ct
490 1799 566 1883 quid
587 1801 685 1866 nostri
703 1799 866 1883 auderent,
882 1799 1126 1885 periclitabatur.
1149 1798 1238 1866 ubis

168 1908 291 1969 nostros
313 1923 377 1968 nou
400 1923 470 1969 esse
488 1902 652 1968 inferiores
673 1903 839 1986 intellexit,
862 1903 930 1969 loco
952 1923 1008 1988 pro
1032 1901 1142 1968 castris
1163 1900 1205 1966 ad
1328 1915 1330 1920 '

165 2006 270 2071 aciem
291 2004 508 2071 instruendam
530 2011 644 2070 natura
665 2012 839 2090 opportuno
858 2012 954 2089 atque
975 2005 1098 2090 idoneo,
1122 2003 1206 2089 quod

168 2110 197 2174 is
226 2109 322 2193 collis,
352 2109 408 2175 ubi
436 2115 538 2175 castra
564 2109 667 2194 posita
689 2116 788 2194 erant,
816 2110 979 2195 paululum
1007 2130 1048 2176 ex
1070 2108 1206 2194 planicie

166 2211 273 2278 editus
294 2218 418 2278 tantum
440 2210 593 2280 adversus
614 2212 648 2276 in
670 2213 869 2280 latitudinem
891 2213 1030 2298 patebat,
1054 2217 1206 2296 quantum

168 2315 229 2380 loci
257 2315 343 2382 acies
371 2315 526 2382 instructa
554 2335 708 2400 occupare
730 2322 863 2401 poterat,
891 2322 987 2400 atque
1010 2337 1052 2382 ex
1073 2322 1206 2398 utraque

169 2424 258 2502 parte
287 2417 395 2484 lateris
423 2416 565 2483 deiectus
593 2417 733 2486 habebat
756 2425 787 2484 et
808 2419 842 2484 in
864 2419 967 2490 fronto
988 2418 1102 2484 leniter
1122 2417 1207 2484 fasti-

167 2527 263 2604 gatus
283 2520 437 2605 paulatim
459 2519 502 2585 ad
522 2521 690 2605 planiciem
712 2521 845 2605 redibat,
876 2523 917 2589 ab
947 2528 1080 2604 utroque
1108 2521 1207 2586 latere

167 2623 238 2688 eius
260 2623 347 2688 collis
369 2629 581 2688 transversam
604 2623 721 2690 fossam
748 2609 882 2691 obduxit
909 2625 1031 2689 circiter
1057 2642 1207 2709 passuum

169 2725 473 2810 quadringentorum
503 2733 535 2792 et
560 2725 603 2791 ad
632 2733 791 2793 extremas
820 2727 922 2794 fossas
945 2727 1074 2792 castella
1096 2725 1241 2792 consti-4

169 2830 231 2894 tuit
245 2829 353 2912 ibique
369 2835 525 2894 tormenta
540 2829 712 2914 collocavit,
726 2849 778 2915 ne,
795 2849 866 2895 cum
880 2829 982 2894 aciem
996 2829 1207 2912 instruxisset,

171 2931 286 3016 hostes,
315 2931 400 3014 quod
427 2938 550 2997 tantum
580 2931 782 2998 multitudine
807 2938 962 3018 poterant,
989 2933 1030 2998 ab
1057 2931 1208 2996 lateribus

170 3041 352 3119 pugnantes
374 3054 448 3100 suos
470 3035 696 3100 circumvenire
717 3041 855 3120 possent.
898 3035 957 3100 boc
979 3034 1063 3100 facto
1085 3033 1241 3102 duabuso

169 3137 358 3222 legionibus,
382 3157 460 3220 quas
482 3138 626 3222 proximo
642 3137 878 3222 conscripserat,
901 3138 934 3202 in
950 3137 1061 3203 eastris
1081 3136 1207 3220 relictis,

169 3246 216 3325 ut,
239 3240 266 3306 si
289 3261 350 3324 quo
365 3261 445 3325 opus
464 3247 557 3324 essct,
580 3239 720 3306 subsidio
736 3240 809 3306 duci
830 3247 968 3325 possent,
992 3239 1129 3323 reliquas
1151 3258 1208 3305 sex

171 3343 313 3428 legiones
334 3363 391 3430 pro
414 3343 525 3410 castris
546 3344 580 3408 in
602 3343 671 3409 acie
693 3343 863 3410 constituit.
902 3343 1015 3410 'hostes
1037 3344 1113 3409 item
1136 3363 1208 3408 suas

169 3447 278 3532 copias
301 3468 343 3513 ex
366 3447 476 3513 castris
499 3446 630 3512 eductas
651 3447 875 3512 instruxerant.

274 3551 332 3615 IX.
377 3550 472 3616 Palus
502 3556 570 3615 erat
597 3570 662 3616 nou
692 3569 810 3633 magna
838 3550 921 3616 inter
950 3555 1091 3616 nostrum
1113 3554 1241 3633 atquer

171 3653 309 3719 bostium
333 3652 515 3718 exercitum.
550 3653 634 3719 hano
656 3653 684 3719 si
705 3652 804 3718 nostri
826 3653 1003 3736 transirent,
1026 3651 1133 3718 hostes
1156 3671 1209 3717 ex·

170 3757 374 3840 spectabant3
402 3756 501 3821 nostri
527 3762 643 3841 autom,
671 3755 699 3822 si
725 3757 765 3822 ab
793 3755 855 3820 illis
877 3755 1000 3820 initium
1023 3753 1209 3820 transeundi

172 3859 270 3942 fieret,
294 3866 329 3924 ut
348 3857 516 3942 impeditos
535 3858 790 3943 aggrederentur,
814 3857 915 3940 parati
934 3857 967 3920 in
989 3857 1085 3922 armis
1108 3861 1206 3920 erant.
