2936 4192
435 264 541 319 conii.
555 263 603 318 11.
623 263 706 318 cnr.
719 263 916 318 11111-11111.
1154 245 1194 309 73

160 437 235 500 liam
258 437 391 501 transire
413 457 477 502 non
500 457 635 520 aequum
651 436 855 517 existimaret,
879 435 1004 500 cursui
1027 435 1194 518 quicquam

160 558 231 604 esso
264 539 387 623 imperii
420 545 475 602 aut
508 540 672 623 potestatis
706 546 793 604 trans
822 538 968 604 Rhenum
1002 536 1194 622 postularet?

158 641 237 707 Ubii
265 647 381 722 autem,
405 641 458 723 qui
485 641 539 706 uni
562 662 603 706 ex
625 639 877 706 Transrhenanis
899 640 941 705 ad
964 640 1228 707 Caesa1·emle-5

157 731 251 828 g'atos
284 744 444 824 miserant,
478 743 649 808 amicitiam
682 744 836 824 fecerant,
870 744 996 810 obsides
1030 743 1193 823 dederant,

158 865 353 930 magnopere
375 848 516 926 orabant,
545 854 580 910 ut
602 847 662 912 sibi
684 847 837 911 auxilium
860 847 964 928 ferret,
989 846 1072 930 qnod
1094 847 1196 931 gravi-

159 957 209 1014 ter
230 951 271 1014 ab
295 950 407 1014 Suebis
429 957 658 1035 premerentur,
682 950 742 1030 vel,
766 951 793 1014 si
815 950 847 1014 id
868 951 972 1015 facere
987 951 1229 1034 occupationi-o

158 1055 220 1118 bus
249 1053 440 1136 reipublicae
472 1051 698 1138 prohiberetur,
733 1053 905 1118 exercitum
936 1051 1027 1117 modo
1049 1051 1196 1116 Rhenum

160 1161 400 1238 transportaret:
431 1154 465 1218 id
492 1155 553 1220 sibi
575 1154 617 1218 ad
639 1156 791 1219 auxilinm
814 1175 965 1238 spemque
986 1154 1098 1236 reliqui
1121 1160 1195 1218 tem-

159 1259 245 1343 poris
268 1259 344 1324 satis
367 1258 514 1323 futurum.
546 1265 667 1323 tantum
691 1279 760 1324 esse
775 1277 890 1322 nomen
905 1265 1001 1340 atquc
1016 1257 1194 1341 opinionem
1214 1279 1227 1323 1

160 1362 229 1427 eius
260 1362 417 1426 exercitus
439 1361 597 1426 Ariovisto
626 1361 716 1445 pulso
746 1367 777 1426 et
803 1360 863 1426 hoo
885 1361 1056 1425 novissimo
1078 1361 1195 1444 proelio

160 1465 245 1530 sacto
277 1465 371 1529 etiam
400 1463 442 1528 ad
471 1464 596 1530 ultimas
626 1464 852 1530 Germanorum
880 1463 1034 1543 nationes,
1065 1463 1111 1528 uti
1133 1464 1196 1549 opi-

160 1567 257 1632 nione
287 1573 318 1631 et
346 1566 486 1630 amicitia
507 1567 614 1650 populi
636 1568 770 1632 Romani
792 1567 851 1631 tuti
875 1586 944 1632 esse
966 1567 1096 1650 possint.
1143 1588 1228 1633 nas

161 1670 248 1733 vium
271 1689 420 1753 magnam
443 1669 565 1753 copiam
587 1669 628 1734 ad
648 1669 922 1754 transportandum
939 1668 1112 1732 exercitum
1133 1669 1196 1751 pol-

162 1773 347 1838 licebantur.

265 1875 368 1939 XVII.
415 1875 531 1940 Caesar
561 1875 610 1940 his
636 1875 676 1940 de
700 1875 811 1955 causis,
843 1893 921 1956 quas
944 1875 1193 1957 commemoravi,
1215 1902 1223 1944 1

163 1978 309 2043 Rhenum
332 1979 465 2044 transire
487 1977 682 2062 decreverat3
707 1975 763 2040 sed
785 1975 920 2041 navibus
936 1976 1069 2040 transire
1091 1997 1194 2059 neque

163 2081 240 2146 satis
262 2087 365 2146 tutum
388 2101 457 2146 esse
478 2081 698 2160 arbitrabatur,
721 2098 825 2161 neque
851 2098 928 2143 suae
957 2098 1060 2160 neque
1089 2081 1195 2164 populi

163 2183 296 2248 Romani
326 2182 489 2266 dignitatis
523 2203 592 2248 esse
626 2184 792 2249 statuebat.
837 2182 954 2264 itaque,
985 2181 1044 2246 etsi
1074 2202 1228 2253 summae

96 2335 98 2337 .
162 2285 332 2350 difficultas
355 2285 493 2351 faciendi
515 2287 619 2370 pontis
645 2287 878 2371 proponebatur
906 2292 1033 2370 propter
1061 2286 1195 2352 latitudi-

165 2410 246 2470 nem,
268 2388 469 2474 rapiditatem
491 2388 752 2470 altitudinemque
773 2388 920 2469 fluminis,
951 2395 1058 2454 tamen
1080 2389 1113 2453 id
1135 2390 1195 2455 sibi

163 2490 419 2556 contendendum
452 2498 507 2555 aut
540 2493 631 2556 aliter
663 2512 727 2556 non
760 2489 989 2554 traducendum
1023 2492 1195 2556 exercitum

163 2595 375 2660 existimabat.
420 2596 573 2660 rationem
595 2595 700 2680 pontis
722 2593 805 2658 hanc
826 2593 970 2657 institnit.
1009 2593 1099 2676 tigna
1120 2594 1196 2659 bina
1214 2618 1229 2664 3

163 2696 396 2780 sesquipedalia
418 2699 546 2782 paulum
572 2700 613 2764 ab
636 2699 699 2762 imo
728 2702 899 2781 praeacuta
925 2694 1069 2759 dimensa
1090 2695 1133 2758 ad
1154 2697 1196 2760 al·

165 2799 331 2865 titudinem
364 2800 502 2866 fluminis
535 2800 699 2866 intervallo
732 2798 849 2884 pedum
883 2796 1013 2862 duorum
1046 2797 1128 2862 inter
1156 2818 1196 2888 se

164 2903 324 2987 iungebat.
360 2903 439 2968 haec
462 2925 532 2970 cum
554 2903 839 2969 machinationibus
860 2900 1001 2965 immissa
1022 2900 1056 2964 in
1079 2900 1195 2966 flumen
1214 2924 1230 2970 4

163 3005 319 3070 defixerat
340 3006 521 3089 fistucisque
548 3006 707 3090 adegerat,
730 3025 794 3070 non
818 3003 956 3068 sublicae
971 3002 1063 3068 modo
1079 3003 1196 3068 directe

165 3108 206 3174 ad
227 3108 495 3193 perpendiculum,
519 3109 575 3174 sed
597 3129 696 3193 prone
717 3129 756 3173 ac
777 3107 936 3190 fastigate,
966 3112 1001 3170 ut
1024 3106 1196 3171 secundum

166 3219 309 3276 naturam
331 3211 469 3277 fluminis
491 3212 745 3296 procumberent;
776 3211 826 3276 his
854 3211 930 3275 item
959 3211 1113 3275 contraria
1135 3211 1229 3300 duos

163 3313 206 3377 ad
229 3313 364 3379 eundem
386 3313 513 3379 modum
528 3315 635 3379 iuncta
649 3314 813 3379 intervallo
828 3313 944 3398 pedum
961 3313 1196 3398 quadragenum

163 3417 205 3482 ab
236 3415 383 3481 inferiore
411 3424 501 3500 parte
532 3423 639 3482 contra
668 3417 733 3480 vim
761 3423 856 3498 atque
885 3417 1038 3500 impetum
1060 3415 1197 3479 fluminis

165 3538 318 3584 conversa
351 3521 517 3584 statuebat.
563 3518 642 3583 haec
675 3525 807 3601 utraque
837 3519 965 3602 insuper
999 3516 1230 3600 bipedalibuso

166 3622 308 3688 trabibus
329 3621 486 3702 immissis,
511 3627 663 3703 quantum
686 3641 791 3686 eorum
811 3621 968 3705 tignorum
988 3620 1132 3683 iunctura
1154 3618 1197 3682 di-

166 3726 280 3804 stabat,
310 3724 394 3789 binis
423 3724 579 3806 utrimque
605 3723 709 3790 fibulis
731 3726 772 3789 ab
797 3730 938 3788 extrema
959 3729 1048 3806 parte
1071 3720 1197 3786 distine-

168 3825 296 3909 bantur3
332 3826 445 3907 quibus
478 3825 622 3890 disclusis
656 3833 751 3908 atque
784 3825 817 3888 in
852 3825 1038 3888 contrariam
1076 3829 1230 3906 partemr
