2966 4196
446 271 552 326 COMM.
566 273 600 326 V.
619 272 702 326 CAP.
715 273 970 328 XXVII-XXIX.
1185 257 1226 320 99

293 445 444 509 XXVIII.
480 444 649 528 Arpineius
672 451 704 510 et
725 445 845 530 Iunius,
869 465 950 528 quae
979 445 1154 529 audierant,
1184 445 1226 511 ad
1246 467 1257 513 r

192 547 312 632 legatos
342 545 497 612 deferunt.
542 547 587 612 illi
617 548 783 632 repentina
813 568 848 613 re
876 549 1064 633 perturbati,
1096 549 1155 616 etsi
1184 551 1225 615 ab

192 649 281 716 hoste
296 670 334 714 ea
349 649 544 731 dicebantur,
567 657 675 716 tamen
697 671 761 717 non
776 650 975 736 neglegenda
991 652 1225 736 existimabant,

192 753 392 836 maximeque
413 752 474 818 hac
500 773 534 818 re
555 756 829 837 permovebantur,
853 754 937 838 quod
959 755 1119 820 civitatem
1141 755 1226 840 iguo-

112 901 115 907 *
191 857 287 922 bilem
302 863 398 939 atque
408 856 558 921 humilem
569 857 752 923 Eburonum
767 878 824 923 sua
836 863 947 943 sponte
958 859 1073 944 populo
1084 861 1225 924 Romano

192 959 308 1026 bellum
341 958 446 1024 facere
478 979 587 1024 ausam
616 959 672 1024 vix
703 967 770 1026 erat
799 960 999 1026 credendum.
1044 961 1151 1044 itaque
1184 961 1258 1030 ada

190 1063 354 1128 consilium
376 1083 442 1127 rem
465 1062 620 1144 deferunt,
643 1084 822 1148 magnaque
837 1065 919 1129 inter
934 1084 988 1130 eos
1010 1065 1134 1130 exsistit
1156 1085 1226 1132 eon·

191 1166 352 1232 troversia.
405 1167 521 1232 Lucius
561 1167 790 1232 Aurunculeius
832 1168 1068 1252 compluresque
1108 1168 1258 1238 bibunie

191 1270 323 1334 militum
354 1277 385 1335 et
413 1271 584 1354 primorum
613 1270 757 1336 ordinum
787 1272 985 1337 centuriones
1007 1271 1086 1336 nihil
1108 1279 1226 1338 temere

189 1372 349 1458 agendum
365 1393 469 1456 neque
484 1393 525 1438 ex
541 1373 681 1439 bibernis
700 1374 822 1440 iniussu
839 1375 983 1441 Caesaris
999 1374 1226 1440 discedendum

190 1476 430 1561 existimabant,
458 1477 642 1559 quantasvis
676 1477 782 1562 copias
817 1477 1044 1543 Germanorum
1077 1478 1259 1546 sustinerit

190 1599 283 1664 posse
312 1579 441 1644 munitis
469 1579 611 1646 bibernis
639 1579 811 1646 docebant:
842 1601 908 1646 rem
939 1601 1008 1646 esse
1037 1582 1224 1663 testimonio,

191 1682 276 1766 quod
304 1683 439 1768 primurn
468 1683 605 1749 bostium
634 1685 786 1769 impetum
815 1685 920 1749 multis
941 1685 1021 1748 ultro
1043 1685 1225 1750 vulneribus

190 1787 285 1852 illatis
307 1786 475 1852 fortissime
497 1787 716 1872 sustinuerint;
738 1807 772 1852 re
794 1786 999 1852 frumentaria
1024 1806 1088 1852 non
1110 1787 1223 1872 premi;

190 1890 312 1956 interea
334 1897 366 1956 et
388 1911 429 1956 ex
450 1891 603 1976 proximis
625 1890 765 1957 bibernis
788 1896 822 1956 et
841 1890 1013 1956 aansare
1032 1897 1258 1958 conventurae

191 1993 345 2079 subsidia;
376 1999 534 2078 postremo
565 1993 640 2077 quid
670 2014 739 2060 esse
768 1993 869 2060 levius
891 2001 946 2059 aut
972 1995 1104 2078 turpius,
1128 2014 1255 2076 quams

189 2104 317 2164 auctore
337 2097 428 2163 hoste
450 2097 490 2163 de
512 2099 642 2163 summis
664 2100 758 2164 rebus
784 2117 897 2182 capere
919 2097 1124 2191 consilium?¹

292 2201 413 2266 XXIX.
459 2200 577 2266 Contra
599 2221 637 2266 ea
658 2201 797 2266 Titurius
823 2221 892 2266 sero
921 2200 1058 2266 facturos
1088 2201 1255 2270 clamita-1

189 2305 259 2386 bat,
293 2323 363 2368 cum
396 2305 529 2370 maiores
561 2324 674 2370 manus
703 2304 840 2371 hostium
872 2303 1030 2369 adiunctis
1060 2303 1224 2370 Germanis

189 2407 422 2487 convenissent,
456 2414 511 2472 aut
539 2427 613 2472 cum
646 2406 766 2490 aliquid
796 2407 983 2473 calamitatis
1009 2407 1043 2472 in
1072 2409 1224 2492 proximis

189 2509 330 2576 bibernis
353 2516 435 2576 esset
456 2517 630 2594 acceptum.
675 2513 804 2576 brevem
834 2509 1017 2575 consulendi
1048 2530 1116 2576 esse
1138 2531 1223 2576 occa·

189 2613 318 2678 sionem.
350 2613 518 2679 Caesarem
540 2614 685 2679 arbitrari
706 2615 881 2698 profectum
903 2613 936 2677 in
958 2613 1096 2697 Italiam3
1119 2633 1255 2696 nequer

188 2717 279 2782 aliter
312 2717 466 2783 Carnutes
505 2716 715 2782 interficiendi
747 2717 888 2800 Tasgetii
925 2715 1088 2781 consilium
1125 2715 1222 2781 fuisse

164 2899 166 2902 Ι
189 2826 344 2904 capturos,
367 2840 471 2902 neque
485 2820 658 2902 Eburones,
682 2821 708 2886 si
730 2821 782 2885 ille
797 2819 932 2900 adesset,
955 2825 1045 2884 tanta
1067 2825 1222 2904 contemp·

188 2921 274 2989 tione
296 2923 394 2988 nostri
416 2922 458 2988 ad
481 2931 583 2989 castra
604 2930 754 2989 venturos
777 2943 854 2989 esse.
889 2943 953 2988 non
975 2921 1097 2988 bostem
1119 2928 1254 2989 aucto-e

189 3046 265 3110 rem,
295 3026 352 3092 sed
381 3047 447 3091 rem
478 3034 634 3111 spectare:
666 3029 795 3093 subesse
824 3025 983 3110 Rhenum,
1015 3045 1129 3109 magno
1153 3044 1222 3090 esse

188 3130 355 3196 Germanis
377 3130 476 3196 dolori
498 3131 648 3196 Am'ovisti
674 3137 806 3196 mortem
837 3136 868 3194 et
897 3128 1071 3213 superiores
1100 3133 1222 3194 nostras

188 3233 349 3319 victorias;
383 3233 494 3299 ardere
528 3234 663 3300 Galliam
695 3239 742 3299 tot
771 3231 966 3298 contumeliis
995 3231 1134 3316 acceptis
1163 3234 1255 3298 subr

187 3338 295 3422 populi
317 3338 451 3403 Romani
473 3337 639 3421 imperium
661 3337 831 3418 redactam,
861 3337 1019 3420 superiore
1049 3335 1148 3420 gloria
1177 3336 1222 3400 rei

188 3442 331 3506 militaris
354 3441 520 3506 exstincta.
565 3447 722 3525 postremo
746 3441 815 3522 quis
836 3438 896 3504 hoc
919 3439 979 3504 sibi
1009 3438 1220 3523 persuaderet,
1240 3459 1254 3504 c

188 3545 257 3610 siue
280 3550 366 3610 certa
387 3565 422 3609 re
436 3544 652 3627 Ambiorigem
674 3543 716 3608 ad
739 3543 891 3608 eiusmodi
908 3542 1071 3608 consilium
1094 3540 1221 3605 descen·

187 3647 295 3714 disse?
326 3667 415 3713 suam
439 3647 627 3712 sententiam
649 3647 682 3710 in
698 3653 863 3728 utramque
884 3651 1006 3730 partem
1022 3663 1091 3708 esse
1106 3647 1219 3706 tutam:
1240 3663 1254 3710 c

187 3751 215 3816 si
237 3751 315 3816 nibil
346 3757 428 3816 esset
457 3750 575 3831 durius,
607 3751 691 3815 nullo
722 3770 793 3814 cunr
822 3747 959 3832 periculo
982 3744 1024 3810 ad
1045 3744 1221 3830 proximam

188 3853 344 3939 legionem
378 3860 597 3939 perventuros;
632 3853 658 3917 si
689 3853 791 3918 Gallia
824 3851 925 3916 omnis
956 3869 1026 3914 cum
1057 3847 1222 3912 Germanis
1266 3881 1269 3891 ι

890 3991 897 4004 Α
937 3991 945 4004 ‚
1032 3951 1064 3998 7*
