2960 4192
428 263 535 320 COMM.
548 263 613 320 VII.
632 262 715 318 CAP.
728 263 1031 318 LXXXI—LXXXV.
1184 247 1246 312 183

214 439 399 518 Arvernum,
422 458 520 501 unum
544 457 584 501 ex
608 441 753 518 quattuor
775 434 917 517 ducibus
940 435 1151 520 propinquum
1172 437 1245 502 Ver·

213 541 424 625 cingetorigis,
458 539 653 624 praeficiunt.
698 539 752 603 ille
786 558 827 604 ex
861 539 972 604 castris
1004 538 1107 623 prima
1136 538 1283 623 vigilien

213 662 356 725 egressus
386 663 484 727 prope
515 641 656 708 confecto
687 643 744 708 sub
778 642 882 707 lucem
915 641 1028 706 itinere
1061 648 1132 726 post
1157 663 1246 707 -mon-

212 751 276 809 tem
299 765 339 824 ,se
369 745 538 810 occultavit
570 745 748 827 militesque
778 765 819 809 ex
852 752 1004 810 nocturno
1037 745 1144 811 labore
1177 765 1248 811 sese

211 846 338 912 reficere
360 848 459 912 iussit.
506 868 577 912 cum
606 847 670 911 iam
700 845 847 912 meridies
876 848 1130 932 appropinquare
1160 847 1279 917 vide-e

211 956 305 1033 netur,
325 949 366 1014 ad
389 971 428 1014 ea
451 958 562 1031 castra,
587 969 667 1032 quae
689 969 785 1033 supra
804 949 1097 1034 demonstravimus,
1122 957 1246 1016 conten·

211 1051 272 1136 dit,
297 1051 469 1136 eodemque
491 1059 631 1136 tempore
651 1053 809 1134 equitatus
823 1051 865 1116 ad
889 1058 1080 1137 campestres
1103 1054 1245 1118 munitio

211 1175 268 1219 nes
282 1155 433 1220 accedere
456 1162 487 1220 et
508 1156 649 1238 reliquae
672 1156 781 1240 copiae
795 1176 853 1240 pro
868 1156 978 1221 eastris
994 1175 1063 1221 sese
1079 1155 1244 1222 ostendere

212 1265 388 1341 coeperunt.
830 1275 832 1280 ·
1253 1273 1256 1276 ·

312 1361 490 1435 LXXXIV.
513 1359 753 1444 Vercingetorix
776 1379 817 1424 ex
839 1380 912 1426 arce
930 1360 1057 1426 Alesiae
1080 1381 1152 1427 suos
1175 1382 1276 1431 con-r

127 1521 129 1526 .
210 1463 348 1546 spicatus
371 1483 411 1528 ex
435 1463 551 1548 oppido
574 1463 745 1548 egreditur:
763 1468 874 1545 crates,
889 1463 1059 1548 longurios,
1076 1466 1242 1548 musculos,

210 1565 307 1630 falces
329 1567 521 1648 reliquaque,
545 1586 626 1648 quae
649 1565 821 1650 eruptionis
844 1585 939 1631 causa
967 1573 1158 1651 paraverat,
1176 1589 1243 1652 pro-

210 1669 278 1732 fert.
316 1676 475 1753 pugnatur
496 1690 560 1734 uno
582 1675 722 1754 tempore
744 1669 889 1734 omnibus
911 1668 997 1752 locis,
1019 1671 1115 1752 atque
1138 1672 1277 1740 omniun

209 1779 415 1857 temptantur;
439 1793 521 1856 quae
542 1772 673 1836 minime
695 1773 765 1838 visa
786 1791 859 1857 pars
881 1771 971 1836 firma
994 1779 1050 1856 est,
1081 1773 1143 1837 huc
1173 1794 1243 1839 con-

210 1875 348 1939 curritur.
382 1876 595 1940 Romanorum
616 1894 729 1940 manus
751 1875 848 1939 tantis
870 1874 1094 1940 munitionibus
1117 1875 1242 1942 distine·
1261 1901 1276 1946 3

208 1982 258 2042 tur
279 1997 339 2042 nec
360 1977 454 2042 facile
475 1977 617 2062 pluribus
638 1977 715 2042 locis
738 1978 879 2044 occurrit.
907 1978 1040 2042 multum
1062 1977 1104 2042 ad
1126 1972 1276 2049 terren-'4¹

208 2079 266 2144 dos
288 2087 410 2146 nostros
432 2081 517 2145 valet
540 2081 665 2161 clamor,
689 2079 743 2162 qui
769 2086 840 2164 post
869 2086 993 2164 tergum
1022 2082 1240 2165 pugnantibus

209 2183 338 2267 exstitit,
362 2183 446 2266 quod
468 2203 558 2248 suum
574 2183 745 2267 periculum
761 2183 794 2246 in
810 2183 915 2248 aliena
929 2182 1039 2248 vident
1054 2185 1155 2249 salute
1171 2205 1240 2250 con-

208 2292 311 2370 stare3.
328 2286 433 2351 omnia
456 2286 540 2350 enim
560 2286 754 2370 plerumque,
778 2307 859 2368 quae
880 2286 1005 2371 absunt,
1022 2286 1240 2354 vehementius
1258 2313 1274 2358 5

207 2388 369 2453 hominum
391 2395 513 2454 mentes
535 2389 729 2472 perturbant.

309 2492 469 2556 LXXXV.
502 2491 618 2556 Caesar
636 2491 785 2555 idoneum
803 2491 905 2556 locum
925 2498 1046 2572 nactus,
1070 2493 1146 2575 quid
1167 2514 1240 2576 qua·
1260 2517 1271 2562 1

207 2613 268 2675 que
296 2595 330 2659 in
352 2601 442 2677 parte
471 2600 607 2677 geratur,
639 2593 813 2678 cognoscit;
836 2593 1052 2660 laborantibus
1074 2596 1238 2661 submittit.

206 2699 346 2780 utrisque
367 2697 409 2760 ad
431 2697 570 2762 animum
597 2696 738 2776 occurrit,
769 2715 866 2759 uuum
897 2715 967 2760 esse
995 2696 1072 2760 illud
1102 2703 1271 2783 tempusa

207 2821 267 2882 quo
289 2800 428 2864 maxime
451 2798 599 2864 contendi
621 2798 802 2864 conveniat:
825 2797 916 2878 Galli,
943 2797 1004 2862 nisi
1030 2798 1238 2882 perfregerint
1256 2822 1272 2868 a

205 2903 404 2983 munitiones,
432 2901 472 2966 de
502 2901 587 2966 omni
617 2901 717 2966 salute
740 2899 922 2984 desperant;
954 2900 1098 2981 Romani,
1122 2901 1149 2965 si
1171 2921 1239 2966 rem

205 3005 405 3089 obtinuerint,
429 3003 525 3069 finem
547 3004 689 3068 laborum
711 3003 850 3068 omnium
866 3009 1060 3086 exspectant.
1096 3003 1236 3070 maxime
1254 3027 1270 3074 4

204 3109 246 3172 acl
276 3109 450 3193 superiores
479 3108 669 3172 munitiones
697 3107 865 3189 laboratur,
893 3127 954 3189 quo
976 3108 1237 3173 Vercassivellau-

204 3232 280 3276 num
302 3212 433 3276 missum
454 3210 747 3275 demonstravimus.
793 3209 935 3291 iniquum
957 3210 1018 3274 loci
1039 3209 1082 3273 ad
1111 3208 1237 3276 declivi·

204 3321 300 3378 tatem
323 3313 485 3398 fastigium
507 3333 657 3396 magnum
678 3311 775 3376 habet
794 3319 995 3378 momentum.
1019 3312 1152 3378 alii'tela
1167 3333 1270 3382 con-5

203 3417 310 3500 iciunt,
333 3417 387 3481 alii
409 3415 567 3482 testudine
589 3415 673 3480 facta
695 3416 844 3500 subeunt;
868 3414 1049 3499 defatigatis
1074 3417 1108 3480 in
1133 3417 1236 3482 vicem

203 3519 317 3603 integri
350 3517 531 3585 succedunt.
576 3537 674 3602 agger
706 3519 747 3582 ab
781 3517 936 3584 universis
964 3519 998 3582 in
1028 3519 1269 3588 munitionemc

204 3622 362 3686 coniectus
386 3627 417 3686 et
439 3640 604 3686 ascensum
627 3619 682 3683 dat
709 3619 807 3685 Gallis
839 3625 870 3684 et
900 3640 947 3704 ea,
978 3639 1059 3702 quae
1088 3620 1121 3684 in
1151 3627 1234 3685 terra

203 3726 437 3790 occultaverant
451 3723 595 3807 Romani,
616 3723 767 3807 contegit;
792 3743 850 3788 nee
865 3723 929 3786 iam
943 3743 1032 3786 arma
1046 3723 1160 3788 nostris
1175 3743 1234 3788 uec

203 3828 286 3892 vires
308 3833 487 3911 suppetunt.
