2966 4196
320 247 381 310 154
654 261 703 314 DE
719 259 835 315 BELLO
853 259 1015 315 GALLICO

238 453 240 456 ·
316 440 384 500 erat
405 433 594 518 appellatus,
618 452 689 496 cum
711 453 827 516 magno
851 432 991 514 equitum
1014 453 1140 498 suorum
1166 453 1296 500 numero
1320 441 1357 500 ct

316 556 394 620 quos
416 556 458 602 er
479 536 652 618 Aquitania
674 535 869 601 conduxerat
890 535 932 600 ad
955 555 1026 600 eum
1048 536 1203 620 pervenit.

287 661 299 708 1
422 641 559 704 XXXII.
606 639 723 705 Caesar
745 639 872 703 Avarici
895 639 1070 722 complures
1093 639 1161 704 dles
1184 659 1353 705 commora-

315 749 366 808 tus
388 762 604 825 summamque
626 742 671 806 ibi
694 742 816 825 copiam
838 741 987 806 immenti
1011 747 1042 805 et
1063 741 1176 824 reliqui
1199 762 1353 808 commea·

314 851 365 912 tus
396 851 508 910 nactus
542 845 714 910 exercitum
748 864 789 909 ex
822 845 930 910 labore
962 849 1058 926 atque
1090 844 1197 928 inopia
1229 843 1349 912 refecit.

280 948 378 1017 riam
406 967 503 1032 prope
533 946 637 1012 hieme
666 946 811 1012 coniecta
840 967 911 1012 cum
941 947 1010 1031 ipso
1038 947 1115 1012 anni
1145 953 1286 1032 ternpore
1307 947 1348 1015 ad

314 1051 489 1136 gerendum
511 1051 630 1115 bellum
651 1056 816 1115 vocaretur
839 1055 870 1114 et
892 1049 934 1114 ad
956 1049 1078 1114 hostem
1101 1049 1256 1133 proficisci
1280 1070 1350 1115 con·

315 1154 478 1238 stituisset,
510 1153 578 1219 siue
608 1173 680 1217 eum
710 1173 751 1217 ex
781 1151 949 1236 paludibus
972 1153 1123 1235 silvisque
1145 1152 1259 1218 elicere
1282 1153 1350 1218 sive

314 1257 478 1322 obsidione
500 1275 642 1340 premere
657 1261 773 1340 posset,
796 1255 893 1339 legati
908 1255 950 1320 ad
966 1255 1211 1340 comprincipes
1226 1255 1350 1322 Aeduo-

313 1380 382 1424 rum
396 1359 529 1424 veniunt
551 1364 682 1444 oratum,
704 1364 740 1423 ut
761 1359 900 1424 maxime
922 1359 1100 1424 necessario
1119 1364 1261 1442 tempore
1276 1359 1351 1424 eivi-

279 1463 371 1530 stati
393 1463 573 1528 subveniat:
608 1481 729 1526 summo
752 1481 822 1526 esse
844 1461 878 1525 in
899 1461 1038 1546 periculo
1059 1481 1136 1542 rem,
1160 1461 1253 1544 quod,
1277 1482 1349 1528 cum

314 1566 431 1651 singuli
452 1565 655 1648 magistratus
676 1565 849 1647 antiquitus
872 1565 971 1628 creari
997 1571 1093 1647 atque
1114 1565 1234 1648 regiam
1263 1571 1349 1650 pote

313 1675 428 1736 statem
457 1689 577 1733 annum
607 1667 748 1734 obtinere
782 1673 999 1751 consuessent,
1034 1667 1096 1732 duo
1129 1669 1347 1751 mogIstratum

312 1779 425 1858 gerant
448 1778 479 1838 et
501 1791 536 1838 se
557 1777 689 1854 uterque
712 1791 819 1836 eorum
840 1771 965 1853 legibus
988 1776 1126 1835 creatum
1154 1790 1223 1836 esse
1251 1770 1346 1836 dicat.

278 1875 424 1944 chorum
454 1895 523 1940 esse
552 1875 686 1939 alterum
710 1873 1001 1956 Convictolitavem,
1031 1873 1195 1938 florentem
1212 1879 1256 1938 et
1281 1873 1347 1939 illu·

313 1984 409 2042 strern
424 1977 668 2060 adulescentem,
691 1977 824 2041 alterurn
841 1976 962 2058 Cotum,
985 1976 1205 2060 antiquissima
1226 1975 1348 2042 familia

312 2087 422 2145 natum
444 2088 539 2163 atque
560 2081 664 2165 ipsum
687 2080 846 2144 hominem
869 2097 1011 2144 summae
1040 2079 1200 2164 potentiae
1223 2085 1255 2144 et
1283 2099 1347 2144 rna·

312 2203 396 2266 gnae
426 2182 632 2266 cognationis,
663 2182 750 2246 cuius
776 2181 874 2246 frater
895 2181 1075 2246 Valetiacus
1096 2182 1240 2266 proximo
1261 2201 1347 2248 anno

279 2285 448 2354 ceundem
470 2285 688 2368 magistratum
710 2285 851 2366 gesserit.
890 2283 1050 2348 civitatem
1073 2304 1142 2350 esse
1164 2305 1289 2349 omnem
1311 2285 1346 2351 in

312 2388 421 2472 armis;
445 2387 581 2452 divisum
596 2393 750 2468 senatum,
773 2386 909 2452 divisum
923 2386 1083 2471 populum,
1107 2405 1180 2452 suas
1196 2387 1347 2470 cuiusque

313 2511 419 2556 eorum
452 2489 622 2555 clientelas.
668 2488 752 2572 quod
785 2489 812 2555 si
845 2489 961 2554 diutius
990 2490 1091 2554 alatur
1123 2489 1344 2574 controversis,

311 2593 388 2677 fore,
411 2593 457 2657 uti
479 2611 553 2676 pars
576 2612 646 2657 cum
661 2598 752 2676 parte
768 2591 905 2657 civitatis
921 2591 1083 2677 confligat;
1106 2591 1140 2656 id
1154 2612 1196 2656 ne
1210 2591 1343 2676 accidet,

311 2697 448 2780 positum
470 2697 503 2759 in
527 2696 594 2760 eius
616 2695 781 2778 diligentia
803 2701 898 2777 atque
920 2695 1114 2760 auctoritate.

280 2820 293 2866 1
414 2799 569 2864 XXXIII.
595 2798 721 2881 Caesar,
739 2798 798 2862 etsi
812 2819 833 2861 a
847 2798 929 2862 bello
951 2803 1046 2880 atque
1068 2797 1158 2862 hoste
1181 2797 1344 2863 dIscedere

311 2901 569 2967 detrimentosum
603 2920 673 2966 esse
706 2900 919 2983 existimabat,
953 2905 1060 2964 tamen
1090 2920 1154 2964 non
1182 2900 1342 2984 ignorans,

312 3009 430 3088 quanta
459 3024 500 3068 ex
527 3002 776 3068 dissensionibus
804 3001 1003 3068 incommoda
1033 3002 1106 3067 oriri
1129 3009 1343 3084 consuessent,

311 3128 352 3172 ne
373 3113 462 3172 tanta
485 3113 516 3172 et
537 3112 603 3170 tarn
626 3106 793 3172 coniuncta
814 3106 929 3189 populo
943 3107 1085 3171 Romano
1104 3105 1225 3188 civitas,
1248 3125 1341 3188 quam

311 3210 379 3294 ipse
400 3229 525 3293 semper
546 3209 676 3274 aluisset
698 3207 906 3290 omnibusque
927 3208 1022 3273 rebus
1047 3214 1198 3292 ornasset,
1221 3207 1263 3272 ad
1277 3209 1342 3272 va

311 3317 406 3394 atque
427 3331 515 3375 arma
537 3310 753 3394 descenderet,
775 3316 871 3392 atque
894 3329 932 3374 ea
953 3330 1036 3394 pars,
1059 3331 1141 3392 quae
1156 3310 1260 3376 minus
1281 3309 1343 3376 sibi

277 3435 293 3482 2
312 3412 491 3496 confideret,
514 3412 635 3478 auxilia
655 3433 676 3477 a
697 3412 954 3494 Vercingetorige
982 3417 1165 3493 arcesseret,
1195 3411 1268 3477 huic
1296 3412 1344 3478 rei

310 3515 574 3601 praevertendum
604 3515 798 3582 existimavit
828 3520 869 3598 et,
900 3513 983 3598 quod
1012 3515 1135 3598 legibus
1161 3514 1343 3582 Aeduorum

298 3620 358 3703 iis,
389 3618 442 3702 qui
471 3638 628 3684 summum
656 3619 875 3702 magistratum
904 3617 1091 3702 obtinerent,
1123 3617 1277 3683 excedere
1301 3638 1342 3683 ex

193 3783 194 3792 ,
310 3721 426 3786 finibus
447 3742 511 3787 non
533 3721 650 3805 liceret,
673 3741 714 3786 ne
737 3719 812 3804 quid
834 3719 875 3785 de
889 3719 957 3786 iure
971 3727 1025 3786 aut
1041 3720 1080 3786 de
1095 3721 1219 3806 legibus
1234 3741 1341 3786 eorum

310 3823 502 3890 demInuisse
530 3823 698 3907 videretur,
731 3824 800 3908 ipse
830 3823 864 3888 in
893 3823 1020 3889 Aeduos
1049 3824 1203 3908 proficisci
1233 3825 1340 3890 statuit
