2936 4192
443 277 552 333 OOMM.
572 277 711 333 11.cAP.
731 277 917 334 XII-XVII.
1154 264 1195 328 41

156 453 196 517 ab
228 469 266 516 eo
295 450 363 516 loco
389 450 424 514 in
452 449 533 515 fines
556 449 785 516 Ambianorum
807 450 961 536 pervenit,
993 451 1105 535 quise
1128 471 1197 518 sua·

156 573 219 637 que
249 553 357 619 omnia
385 552 455 618 siue
484 572 572 618 mora
601 549 801 618 dediderunt.
847 573 954 620 eorum
984 553 1065 620 fines
1087 555 1198 621 Nervii

154 655 374 741 attingebant3
397 675 529 739 quorum
551 654 592 721 de
614 661 729 722 natura
756 656 960 740 moribusque
984 657 1101 724 caesar
1123 678 1230 728 cume
1266 693 1287 725 s

155 765 333 843 quaereret,
353 759 399 826 sic
416 759 609 844 reperiebat:
629 759 751 824 nullum
765 757 887 824 aditum
905 778 975 826 esse
990 759 1033 824 ad
1048 780 1102 826 eos
1117 780 1195 826 mer·
1214 783 1231 830 u

155 861 331 947 catoribus;
354 861 433 927 nihil
454 861 612 946 pativini
633 862 887 945 reliquarumque
916 882 1021 928 rerum
1043 861 1086 927 ad
1107 864 1197 929 luxu·

157 966 238 1030 riam
264 965 489 1051 pertinentium
516 965 635 1049 inferri,
663 964 747 1048 quod
773 965 813 1031 iis
839 967 934 1033 rebus
955 967 1197 1050 relanguescere

155 1069 282 1134 animos
309 1074 341 1133 et
372 1068 488 1134 remitti
517 1069 667 1134 virtutem
689 1067 921 1153 existimarent3
953 1087 1023 1134 esse
1052 1067 1231 1140 hominess

157 1172 244 1238 feros
258 1191 459 1256 magnaeque
473 1171 607 1254 virtutis,
631 1170 822 1257 increpitare
842 1178 939 1255 atque
960 1171 1107 1238 incusare
1128 1173 1198 1238 reli·

158 1294 239 1358 quos
261 1275 387 1359 Belgas,
411 1274 466 1358 qui
488 1294 523 1340 se
544 1274 660 1359 populo
675 1276 818 1341 Romano
833 1274 1029 1341 dedidissent
1051 1275 1198 1360 patriam·

157 1397 223 1461 que
237 1376 386 1442 virtutem
408 1377 627 1463 proiecissent3
651 1377 835 1444 confirmare
857 1397 928 1445 sese
950 1397 1054 1462 neque
1076 1379 1198 1463 legatos

158 1481 311 1546 missuros
332 1501 436 1564 neque
458 1481 555 1546 ullam
577 1480 794 1547 condicionem
815 1481 904 1567 pacis
926 1487 1119 1566 accepturos.

264 1584 351 1649 XVI.
398 1584 556 1668 (lumper
578 1604 684 1650 eorum
707 1584 788 1651 fines
810 1584 948 1650 triduum
970 1585 1031 1650 iter
1058 1583 1229 1668 iecissetr

158 1686 345 1753 inveniebat
367 1705 410 1752 ex
432 1687 575 1771 captivis,
599 1687 708 1753 Sabim
723 1686 840 1752 flumen
855 1688 897 1753 ab
913 1687 1024 1753 castris
1046 1688 1111 1753 ruis
1133 1708 1197 1754 non
1244 1745 1247 1758 ,

158 1790 297 1876 amplius
319 1789 406 1855 milia
426 1809 576 1876 passuum
591 1790 624 1855 X
638 1791 765 1856 abesse:
787 1797 877 1856 trans
898 1789 932 1855 id
953 1789 1072 1857 flumen
1087 1810 1231 1859 omnesn

160 1893 297 1960 Nervios
319 1893 499 1960 consedisse
520 1893 755 1977 adventumque
777 1892 822 1958 ibi
836 1895 1050 1958 Romanorum
1069 1913 1198 1978 exspec

159 2004 231 2063 tare
252 2017 318 2063 una
336 2017 408 2062 cum
423 1997 585 2062 Atrebatis
608 2003 639 2062 et
654 1995 886 2078 Viromanduis,
909 1995 1052 2062 finitimis
1074 1995 1139 2062 suis
1154 2032 1198 2046 -

160 2121 237 2166 nam
259 2100 309 2166 his
324 2101 464 2184 utrisque
483 2106 714 2186 persuaserant,
736 2100 783 2164 uti
799 2099 935 2165 eandem
949 2099 1024 2165 belli
1039 2098 1198 2174 fortunam
1215 2119 1232 2168 e

161 2203 445 2289 experirentur-
476 2204 655 2288 exspectari
684 2203 780 2269 etiam
810 2205 851 2270 ab
882 2202 932 2269 his
962 2202 1198 2270 Aduatucorum

161 2308 271 2393 copias
293 2313 388 2390 atque
410 2327 480 2374 esse
501 2307 536 2372 in
558 2308 685 2373 itinere:
714 2307 861 2374 mulieres
884 2307 1001 2391 quique
1030 2327 1088 2391 per
1116 2314 1199 2372 aeta·
1217 2329 1233 2376 4

161 2418 228 2476 tem
250 2408 293 2475 ad
314 2429 454 2495 pugnam
476 2410 603 2476 inutiles
625 2409 821 2494 viderentur,
852 2409 886 2475 in
909 2430 980 2476 eum
1002 2411 1106 2474 locum
1129 2429 1199 2475 con-

162 2510 287 2596 iecisse,
319 2518 528 2597 quopropter
553 2511 686 2598 paludes
708 2513 860 2578 exercitui
882 2512 987 2578 aditus
1013 2533 1077 2578 non
1105 2519 1197 2578 esset.

268 2615 372 2680 XVII.
402 2615 461 2681 His
482 2616 577 2682 rebus
597 2616 730 2700 cognitis
753 2617 967 2701 exploratores
989 2615 1232 2683 centuriones->1
1259 2610 1264 2622 ’

164 2739 227 2802 que
249 2719 431 2804 praemittit,
456 2719 509 2801 qui
531 2719 634 2784 locum
656 2719 805 2785 idoneum
828 2719 938 2784 castris
953 2717 1103 2802 deligant.
1128 2737 1233 2787 cuma

164 2843 208 2888 ex
224 2822 382 2887 dediticiis
397 2823 505 2906 Belgis
521 2823 713 2906 reliquisque
729 2822 828 2888 Gallis
843 2821 1019 2906 complures
1031 2821 1200 2888 Gaesarem

165 2927 266 2992 secuti
294 2945 360 2991 una
388 2925 448 2991 iter
476 2925 627 3010 facerent,
659 2925 787 3009 quidam
810 2944 851 2989 ex
873 2924 933 3007 his,
963 2930 998 2989 ut
1025 2930 1137 3009 postea
1159 2944 1201 2990 ex

166 3029 302 3114 captivis
322 3030 482 3112 cognitum
498 3036 555 3114 est,
579 3049 685 3095 eorum
701 3029 822 3095 dierum
838 3027 1064 3093 consuetudine
1079 3027 1201 3094 itineris

168 3132 265 3199 nostri
288 3133 445 3198 exercitus
466 3139 632 3218 perspecta
653 3137 746 3198 nocte
767 3131 810 3196 ad
831 3131 967 3196 Nervios
988 3137 1201 3216 pervenerunt

166 3243 263 3319 atque
284 3235 335 3302 his
357 3235 621 3320 demonstrarunt,
643 3236 725 3301 inter
745 3235 886 3318 singulas
908 3233 1050 3318 legiones
1071 3233 1201 3318 impedi-

169 3346 344 3404 mentorum
373 3359 525 3423 magnnm
555 3358 720 3404 numerum
754 3337 958 3421 intercedere,
993 3357 1098 3420 neque
1132 3357 1202 3402 esse

170 3443 338 3526 quicquam
369 3442 498 3526 negotii,
529 3461 600 3506 cum
629 3441 732 3527 prima
761 3441 845 3526 legio
875 3440 909 3506 in
937 3447 1041 3506 casua
1062 3441 1202 3506 venisset

169 3546 371 3629 reliquaeque
402 3545 544 3628 legiones
574 3565 725 3630 magnum
760 3545 898 3629 spatium
927 3545 1087 3627 abessent,
1119 3543 1202 3609 hane

169 3649 228 3713 sub
250 3647 382 3714 sarcinis
403 3647 533 3732 adoriri;
557 3667 620 3731 qua
641 3649 733 3733 pulsa
750 3642 1048 3732 impedimentisque
1071 3645 1202 3731 direptis
1220 3667 1236 3714 a

170 3751 319 3835 futurum,
353 3757 388 3816 ut
420 3751 561 3835 reliquae
594 3758 703 3818 contra
737 3751 908 3818 consistere
942 3771 1006 3816 non
1035 3748 1198 3814 auderent.

170 3854 341 3921 adiuvabat
372 3854 468 3920 etiam
498 3875 604 3920 eorum
635 3855 808 3936 consilium,
840 3853 982 3936 quirem
1006 3851 1236 3936 deferebant,4
