2936 4192
270 226 310 289 10
605 242 654 295 DE
672 242 787 296 BELLO
805 242 967 297 GALLIGO

267 435 383 497 magna
406 435 446 480 cx
469 421 559 498 parte
582 434 688 479 corum
711 415 856 498 precibus
878 415 1033 481 adductus
1054 417 1172 480 bellum
1198 435 1300 480 susce·

267 517 363 601 perit;
386 517 484 582 multo
507 518 602 582 etiam
624 517 762 600 gravius,
786 505 870 599 quod
889 519 930 582 sit
949 518 1126 601 destitutus,
1149 519 1298 600 queritur.

235 639 247 685 1
369 619 472 684 XVII.
500 620 581 683 'Pum
611 618 737 683 demum
763 619 874 684 Liscus
904 621 1043 685 oratione
1073 620 1218 686 Caesaris
1247 619 1300 684 ad-

268 720 393 805 ductus,
424 721 507 804 quod
533 728 628 786 antea
649 729 802 805 tacuerat,
836 723 995 805 proponit:
1030 743 1100 788 esse
1122 724 1298 805 nonnullos,

269 845 398 906 quorum
430 825 597 889 auotoritas
627 823 712 907 apud
741 825 867 908 plebem
897 826 1064 908 plurimum
1094 826 1211 909 valeat,
1246 826 1299 908 qui

235 927 416 1010 aprivatim
438 928 509 1011 plus
535 927 657 1012 possint
684 947 777 1008 quam
804 927 866 1010 ipsi
892 929 1107 1010 magistratus:
1134 928 1192 992 hos
1219 928 1298 992 sedi-

268 1031 349 1094 tiosa
370 1037 465 1112 atque
486 1030 630 1114 improba
651 1030 791 1094 oratione
814 1029 1045 1094 multitudinem
1068 1030 1234 1114 deterrere,
1258 1051 1299 1095 ne

235 1133 459 1200 assumentum
490 1132 652 1197 conferant
682 1131 765 1214 quod
794 1131 944 1215 debcant3
975 1140 1149 1216 praestare,
1180 1134 1206 1198 si
1235 1133 1298 1198 iam

269 1237 478 1320 principatum
494 1235 615 1300 Galliae
634 1235 777 1300 obtinere
796 1256 859 1300 non
879 1235 1009 1319 possint,
1031 1235 1190 1300 Gallorum
1205 1256 1297 1318 quam

235 1341 479 1406 lRomanorum
505 1338 637 1421 imperia
663 1337 815 1421 perferre3
845 1358 949 1420 neque
976 1338 1128 1421 dubitare,
1159 1341 1243 1422 quin,
1271 1340 1297 1404 si

269 1441 431 1505 Helvetios
458 1441 675 1523 superaverint
696 1441 838 1521 Romani,
867 1461 930 1504 una
956 1460 1027 1505 cum
1053 1441 1174 1523 reliqua
1196 1443 1299 1507 Gallia

236 1567 250 1612 s
269 1543 388 1608 Aeduis
410 1542 586 1606 libertatem
609 1543 672 1607 sint
694 1545 838 1625 erepturi.
884 1543 925 1607 ab
954 1543 1073 1607 eisdem
1099 1551 1206 1609 nostra
1230 1565 1298 1608 con·

270 1647 348 1729 silia,
369 1665 511 1728 quaeque
530 1645 562 1708 in
582 1645 691 1709 castris
710 1651 868 1727 gerantur,
889 1645 1030 1710 hostibus
1050 1647 1218 1711 enuntiari:
1242 1648 1299 1712 hos

235 1771 290 1816 oa
316 1769 351 1813 se
377 1748 511 1814 coerceri
538 1767 600 1812 non
627 1767 730 1831 posse.
776 1749 851 1830 quin
878 1749 983 1832 etiam,
1011 1748 1095 1831 quod
1120 1751 1298 1815 necessaria

269 1873 303 1917 re
333 1861 458 1918 coactus
486 1850 614 1916 Caesari
644 1851 826 1934 enuntiarit,
856 1851 1041 1934 intellegere
1068 1871 1151 1934 sese,
1182 1861 1299 1933 quanto

268 1956 303 2019 id
329 1977 399 2020 cum
425 1955 562 2038 periculo
591 1953 716 2037 fecerit,
748 1962 780 2018 et
808 1955 848 2019 ob
879 1974 948 2018 eam
979 1973 1119 2034 causam,
1150 1955 1297 2032 quamdiu

269 2059 413 2142 potuerit,
436 2057 580 2120 tacuisse.

238 2183 249 2227 1
355 2158 473 2221 XVIII.
490 2157 607 2221 Caesar
626 2157 686 2221 hac
705 2157 844 2221 oratione
859 2157 941 2220 Lisci
957 2157 1192 2239 Dumnorigem,
1212 2159 1299 2221 Divi-

269 2262 342 2326 tiaci
375 2261 515 2342 fratrem,
554 2259 713 2342 designari
746 2259 915 2341 sentiebat,
953 2258 1009 2322 sed
1042 2259 1124 2340 quod
1157 2261 1300 2343 pluribus

270 2364 486 2449 praesentibus
514 2382 568 2427 cas
594 2382 645 2426 res
671 2362 779 2426 iactari
802 2362 938 2445 nolebat,
967 2362 1108 2427 celeriter
1134 2365 1298 2428 concilium

235 2466 407 2549 adimittit,
437 2465 563 2530 Liscum
592 2464 715 2528 retinet.
764 2465 886 2546 quaerit
913 2484 954 2528 ex
981 2465 1046 2529 solo
1077 2485 1123 2548 ea,
1155 2487 1236 2548 quae
1264 2467 1298 2530 in

269 2575 427 2636 conventu
449 2568 580 2632 dixerat.
627 2566 702 2630 dicit
723 2567 851 2632 liberius
873 2573 968 2650 atque
990 2567 1148 2633 audacius.
1188 2569 1298 2634 eadem

235 2680 388 2742 asecreto
415 2671 455 2736 ab
482 2671 552 2736 aliis
579 2671 709 2754 quaerit,
739 2672 855 2754 reperit
883 2691 953 2736 esse
979 2691 1068 2736 vera:
1099 2673 1201 2754 ipsum
1229 2693 1300 2738 esse

268 2776 502 2857 Dumnorigem,
524 2794 647 2839 summa
665 2773 805 2855 audacia,
826 2795 942 2857 magna
961 2775 1045 2858 apud
1066 2775 1190 2858 plebem
1210 2797 1300 2860 prop-

170 2877 171 2881 ’
270 2889 317 2945 ter
338 2878 558 2944 liberalitatem
580 2878 690 2961 gratia,
719 2875 866 2960 cupidum
888 2897 991 2941 rerum
1014 2897 1174 2942 novarum.
1220 2899 1299 2944 com-

269 2985 374 3067 plures
401 3001 500 3045 annos
523 2982 658 3064 portoria
680 2981 862 3062 reliquaque
884 2981 990 3044 omnia
1010 2980 1190 3045 Aeduorum
1206 2983 1301 3046 vecti·

269 3087 354 3170 galia
375 3104 473 3168 parvo
497 3084 596 3166 pretio
618 3083 782 3166 redempta
804 3081 930 3166 habere,
953 3090 1120 3166 propterea
1141 3084 1225 3166 quod
1246 3085 1301 3150 illo

236 3210 252 3256 a
270 3191 385 3254 licente
405 3195 513 3252 contra
531 3186 619 3250 liceri
637 3185 754 3250 audeat
772 3204 873 3250 nemo.
905 3185 954 3250 his
974 3188 1068 3251 rebus
1084 3194 1115 3251 et
1130 3206 1219 3251 suam
1234 3209 1300 3252 rem

270 3291 456 3356 familiarem
483 3289 610 3355 auxisse
637 3295 668 3352 et
689 3287 856 3352 facultates
882 3289 923 3352 ad
945 3289 1142 3371 largiendum
1168 3310 1301 3372 magnas

237 3413 483 3478 seomparasse3
517 3412 666 3474 magnum
699 3411 863 3455 numerum
897 3392 1053 3473 equitatus
1085 3412 1142 3457 suo
1175 3401 1301 3476 sumptu

238 3518 395 3581 osemper
421 3497 506 3560 alere
533 3502 565 3559 et
591 3495 706 3558 circum
734 3514 768 3559 se
794 3495 922 3577 babere,
950 3515 1052 3576 neque
1080 3497 1179 3560 solum
1206 3495 1300 3580 domi,

272 3600 329 3666 scd
356 3600 449 3664 etiam
476 3597 561 3681 apud
586 3597 736 3660 finitimas
764 3597 905 3690 civitates
928 3597 1055 3680 largiter
1077 3618 1179 3682 posse,
1206 3607 1302 3681 atque

271 3703 363 3768 huius
385 3701 544 3786 potentiae
567 3692 662 3764 causa
683 3706 815 3762 matrem
834 3700 866 3762 in
882 3699 1075 3782 Biturigibus
1098 3701 1216 3766 homini
1238 3703 1303 3765 illic

239 3828 253 3874 r
272 3807 465 3872 nobilissimo
479 3824 517 3868 ac
535 3802 752 3886 potentissimo
773 3803 949 3886 collocasse,
970 3805 1073 3887 ipsum
1093 3824 1134 3870 ex
1149 3806 1303 3870 Helvetiis
