2936 4192
284 239 326 303 32
584 249 586 252 ’
622 254 672 308 DE
688 254 804 318 BELLO
823 254 983 310 GALLICO

252 448 266 495 u
286 427 449 493 commisit.
494 427 540 492 ita
566 427 664 492 nostri
690 426 804 492 acriter
825 427 858 492 in
882 427 987 494 hostes
1009 428 1100 512 signo
1124 425 1197 492 dato
1220 425 1316 512 impe

288 536 354 594 tum
377 529 528 614 fecerunt,
552 530 659 612 itaque
681 529 787 596 hostes
809 536 940 614 repente
967 531 1171 612 celeriterque
1193 549 1314 613 procur·

253 639 400 717 rrerunt,
423 638 459 698 ut
473 632 609 717 spatium
631 631 696 716 pila
718 631 750 696 in
773 631 879 698 hostes
902 633 1076 698 coniciendi
1099 653 1162 699 non
1178 632 1314 698 daretur.

283 735 408 800 reiectis
430 735 503 820 pilis
526 734 700 801 comminus
713 733 828 819 gladiis
843 742 1016 820 pugnatum
1034 741 1089 800 est.
1117 741 1151 800 at
1166 735 1315 801 Germani

284 839 426 904 celeriter
456 858 497 904 ex
527 838 752 906 consuetudine
786 857 843 903 sua
875 837 1034 922 phalange
1065 839 1150 904 facta
1179 839 1316 923 impetus

250 961 264 1010 5
283 941 458 1024 gladiorum
482 948 682 1026 exceperunt.
712 941 827 1026 reperti
850 947 924 1006 sunt
945 943 1119 1026 complures
1141 942 1238 1008 nostri
1261 942 1316 1006 mi-

283 1045 364 1128 lites,
389 1045 442 1127 qui
465 1045 498 1110 in
521 1045 697 1129 phalangas
718 1045 875 1110 insilirent
896 1050 929 1109 ct
950 1050 1039 1110 scuta
1057 1044 1204 1110 manibus
1218 1046 1316 1110 revel-

250 1147 385 1215 alercnt
418 1153 450 1212 ct
483 1147 618 1232 desuper
651 1149 860 1212 vulnerarent.
906 1166 976 1212 cum
1010 1147 1145 1214 hostium
1179 1147 1264 1213 acies
1296 1169 1315 1212 a

284 1248 409 1314 sinistro
439 1270 535 1315 cornu
565 1251 657 1334 pulsa
678 1256 774 1333 atque
803 1250 835 1314 in
865 1249 973 1334 sugam
1000 1250 1142 1316 coniecta
1170 1257 1265 1332 esset,
1296 1271 1316 1314 a

285 1351 396 1416 dextro
426 1372 522 1417 cornu
550 1351 755 1418 vehementer
786 1352 986 1418 multitudine
1017 1373 1143 1419 suorum
1177 1361 1315 1420 nostram

251 1475 264 1522 u
284 1454 385 1520 aciem
400 1455 595 1538 premebant.
619 1455 652 1520 id
667 1476 738 1521 cum
752 1455 1029 1528 animadvertisset
1042 1456 1173 1522 Publius
1185 1457 1317 1524 Crassus

283 1556 479 1642 adulescens,
508 1557 561 1640 qui
589 1558 739 1641 equitatui
767 1565 920 1643 praeerat,
944 1558 1028 1642 quod
1050 1559 1226 1643 expeditior
1249 1570 1315 1625 erat

180 1679 182 1683 ·
284 1681 378 1742 quam
400 1661 433 1741 ii,
464 1661 517 1744 qui
539 1661 621 1727 inter
642 1663 742 1728 aciem
765 1662 981 1746 versabantur,
1004 1662 1128 1727 tertiam
1151 1663 1250 1728 aciem
1273 1664 1315 1727 la-

284 1764 467 1830 borantibus
489 1765 603 1832 nostris
625 1765 764 1832 subsidio
786 1765 879 1832 misit.

252 1888 263 1934 1
387 1868 472 1933 LIII.
504 1869 554 1933 lta
575 1869 726 1953 proelium
749 1868 926 1934 restitutum
950 1874 1007 1950 est,
1023 1874 1118 1951 atque
1133 1889 1242 1935 omnes
1264 1869 1316 1935 ho·

274 1976 348 2035 ‘stes
370 1977 460 2054 terga
473 1977 636 2036 verterunt
650 1991 753 2053 neque
768 1971 855 2054 prius
876 1961 986 2055 fugere
1009 1970 1204 2055 destitemnt,
1221 1991 1314 2054 quam

284 2072 325 2137 ad
356 2072 473 2137 flumen
495 2073 640 2137 Rhenum
663 2073 751 2139 milia
778 2091 927 2157 passuum
962 2093 1002 2138 ex
1026 2093 1062 2140 eo
1094 2074 1161 2164 loco
1195 2076 1316 2148 circiter

251 2176 424 2258 aqrdnquc
453 2182 673 2260 pervenerunt.
718 2175 762 2241 ibi
792 2175 939 2260 perpauci
970 2183 1025 2240 aut
1054 2176 1174 2243 viribus
1207 2177 1314 2244 confisi

285 2286 412 2344 tranare
434 2279 662 2347 contenderunt
684 2285 739 2344 aut
769 2279 914 2344 lintribus
940 2279 1078 2345 inventis
1100 2280 1158 2345 sibi
1182 2281 1314 2346 salutem

251 2389 498 2466 creppererunt.
543 2383 576 2446 in
599 2382 649 2448 his
670 2382 730 2446 fuit
751 2382 936 2463 Ariovistus,
967 2384 1019 2465 qui
1042 2384 1220 2448 naviculam
1243 2383 1316 2448 deli-

285 2492 391 2568 gatam
415 2485 457 2550 ad
479 2487 579 2569 ripam
601 2491 713 2551 nactus
728 2505 766 2550 ea
780 2485 932 2570 profugit:
955 2485 1090 2567 reliquos
1108 2506 1217 2552 omnes
1233 2487 1316 2570 equi-

252 2609 267 2656 4
286 2595 353 2653 tatu
376 2589 533 2654 consecuti
556 2588 654 2654 nostri
668 2588 901 2654 interfecerunt.
930 2588 1011 2653 duae
1025 2589 1152 2654 fuerunt
1166 2589 1314 2656 Ariovisti

285 2713 409 2776 uxores,
433 2713 497 2758 una
519 2693 624 2760 Sueba
645 2692 782 2777 natione,
806 2711 901 2775 quam
924 2690 1015 2757 domo
1039 2711 1145 2758 secum
1172 2692 1316 2776 duxerat,

286 2797 385 2860 altera
399 2795 523 2880 Norica,
546 2795 631 2880 regis
645 2795 814 2884 Voccionis
826 2815 919 2879 soror,
943 2815 1037 2877 quam
1053 2796 1086 2860 in
1103 2796 1205 2862 Gallia
1220 2795 1317 2861 duxe-

252 2903 335 2968 crat
363 2919 384 2962 a
413 2898 509 2962 fratre
540 2899 682 2963 missam:
714 2905 845 2980 utraque
874 2898 907 2962 in
931 2918 969 2964 ea
990 2898 1067 2984 fuga
1088 2900 1190 2984 periit.
1236 2900 1317 2965 duae

287 3000 369 3066 filiae
399 3000 508 3065 harum
538 3002 637 3066 altera
659 3001 771 3085 occisa,
801 3001 900 3066 altera
921 3007 1015 3085 capta
1036 3008 1093 3068 est.
1139 3003 1235 3068 Gaius
1257 3004 1317 3068 Va-

286 3105 381 3170 lerius
404 3105 562 3188 Procillus,
587 3123 699 3168 cuma
722 3103 902 3170 custodibus
924 3103 957 3170 in
979 3104 1057 3190 fuga
1078 3107 1168 3171 trinis
1198 3108 1318 3172 catenis
1447 3143 1448 3168 t

287 3208 411 3274 vinctus
440 3207 624 3290 traheretur,
654 3206 688 3270 in
717 3206 819 3290 ipsum
844 3207 1010 3273 Caesarem
1040 3208 1146 3274 hostes
1177 3210 1316 3292 equitatu

253 3333 268 3380 o
286 3316 528 3396 persequentem
550 3309 670 3376 incidit.
710 3329 790 3393 quae
813 3309 939 3392 quidem
962 3332 1012 3377 res
1028 3312 1155 3378 Caesari
1177 3333 1240 3376 non
1263 3314 1318 3376 mi-

287 3411 394 3480 norem
418 3434 511 3497 quarn
534 3414 604 3498 ipsa
619 3412 749 3478 victoria
771 3413 964 3497 voluptatem
987 3415 1099 3498 attulit,
1124 3415 1207 3496 quod
1221 3414 1318 3481 homi-

287 3538 360 3583 nem
382 3517 637 3602 hcnestissimum
659 3516 839 3600 provinciae
862 3516 991 3601 Galliae,
1015 3537 1104 3583 suum
1131 3518 1316 3584 familiarem
1366 3548 1369 3552 ·
1447 3529 1448 3598 ξ

289 3629 320 3687 et
341 3621 507 3706 hospitem,
532 3625 674 3704 creptum
697 3639 714 3684 e
736 3619 882 3684 manibus
901 3619 1036 3684 hostium
1059 3621 1118 3686 sibi
1140 3621 1316 3686 restitutum

288 3725 431 3808 videbat,
464 3743 567 3806 neque
597 3723 664 3788 eius
694 3721 873 3787 calamitate
903 3720 943 3786 de
974 3727 1062 3787 tanta
1090 3724 1252 3806 voluptate
1287 3733 1317 3788 et

256 3851 268 3896 r
288 3829 496 3915 gratulatione
512 3827 678 3909 quicquam
694 3825 819 3890 fortuna
834 3823 1036 3888 deminuerat.
1060 3825 1087 3890 is
1103 3844 1137 3889 se
1152 3833 1318 3908 praesente
