2966 4196
274 221 337 287 162
613 239 663 294 DE
679 239 797 296 BELLO
815 239 976 297 GALLIGO

272 411 396 494 milites,
419 431 461 478 ne
484 411 587 478 studio
608 412 774 498 pugnandi
795 421 850 478 aut
865 434 922 498 spe
944 413 1083 499 praedae
1105 416 1229 500 longius
1243 437 1311 500 pro

239 534 254 582 s
272 513 469 600 gredientem
482 514 558 598 quid
569 515 719 598 iniquitas
730 516 791 581 loci
805 515 924 582 habeat
934 519 1133 603 incommodi,
1150 521 1311 605 proponit;

273 616 333 682 hoc
354 637 419 682 una
441 617 600 683 celeritate
621 639 714 703 posse
736 619 843 704 vitari3
866 621 1040 686 occasionis
1056 642 1125 687 esse
1147 642 1224 706 rem,
1246 643 1311 688 non

224 739 255 788 ro
272 720 392 802 proelii.
437 720 487 786 his
518 723 613 787 rebus
643 722 795 806 expositis
825 723 950 807 signum
980 723 1035 788 dat
1065 731 1097 790 et
1125 727 1166 790 ab
1197 723 1311 789 dextra

272 828 362 907 parte
383 823 445 889 alio
467 843 602 890 ascensu
625 825 737 890 eodem
758 831 900 909 tempore
922 826 1051 892 Aeduos
1072 827 1177 892 mittit.

240 946 253 992 1
374 927 488 992 XLVI.
513 926 631 1012 Oppidi
645 948 753 993 murus
768 929 808 994 ab
824 929 960 1013 planicie
974 937 1070 1013 atque
1092 931 1182 996 initio
1203 950 1311 996 ascen·

272 1047 326 1093 sus
347 1035 435 1093 recta
456 1029 595 1114 regione,
620 1031 647 1094 si
668 1031 774 1096 nullus
796 1031 959 1098 anfractus
980 1032 1200 1118 intercederet,
1224 1035 1311 1099 mille

238 1149 254 1197 a
273 1131 424 1196 ducentos
446 1152 560 1215 passus
582 1135 707 1218 aberat,
730 1133 880 1216 quicquid
902 1135 964 1200 huc
988 1137 1135 1202 circuitus
1164 1135 1206 1200 ad
1236 1137 1310 1202 mol·

272 1233 412 1297 liendum
435 1229 552 1299 clinum
573 1243 760 1319 accesserat,
790 1234 824 1300 id
853 1238 990 1321 spatium
1017 1239 1138 1304 itineris
1160 1240 1308 1323 augebat.

238 1355 293 1403 aa
324 1335 428 1402 medio
461 1337 528 1403 fere
558 1339 636 1404 colle
664 1340 698 1403 in
727 1339 966 1423 longitudinem,
996 1349 1031 1405 ut
1060 1350 1173 1406 natura
1194 1343 1310 1407 montis

272 1438 405 1524 ferebat,
429 1459 471 1505 ex
492 1441 666 1526 grandibus
689 1443 775 1508 saxis
798 1463 856 1508 sex
878 1444 996 1528 pedum
1018 1465 1150 1528 murum,
1182 1446 1310 1528 quino

272 1548 407 1608 strorum
428 1544 581 1628 impetum
604 1544 753 1630 tardaret,
776 1545 1012 1630 praeduxerant
1042 1547 1124 1612 Galli
1146 1553 1242 1630 atque
1265 1549 1310 1614 in·

272 1645 386 1711 feriore
408 1647 494 1712 omni
517 1647 619 1731 spatio
634 1668 734 1714 vacuo
754 1648 862 1714 relicto
877 1649 1068 1732 superiorem
1083 1657 1207 1734 partem
1221 1650 1310 1716 collis

272 1769 372 1831 usque
394 1749 437 1814 ad
457 1769 581 1814 murum
603 1750 711 1842 oppidi
727 1750 922 1816 densissimis
939 1753 1048 1818 castris
1064 1754 1307 1837 compleverant.

238 1853 388 1920 milites
417 1852 491 1917 dato
521 1853 612 1936 signo
643 1854 799 1931 celeriter¹
813 1854 856 1918 ad
885 1856 1090 1920 munitionem
1119 1858 1309 1940 perueniunt

194 2037 198 2046 ,
238 1975 254 2023 s
273 1975 405 2038 eamque
427 1957 616 2039 transgressi
638 1957 729 2022 trinis
751 1959 861 2023 castris
883 1959 1056 2044 potiuntur,
1080 1980 1119 2024 ac
1138 1966 1227 2024 tanta
1248 1959 1309 2024 suit

270 2059 305 2123 in
328 2059 439 2124 castris
461 2059 624 2144 capiendis
646 2061 798 2146 celeritas,
829 2067 865 2125 ut
885 2063 1100 2144 Teutomatus,
1130 2082 1194 2148 rex·
1209 2063 1308 2128 Nitio-

271 2162 414 2244 brogum,
437 2163 540 2226 subito
562 2163 596 2226 in
618 2163 821 2229 tabernaculo
840 2184 1018 2248 oppressus,
1041 2171 1076 2229 ut
1090 2165 1221 2231 meridie
1236 2185 1308 2231 con-

272 2263 444 2348 quieverat,
468 2265 627 2348 superiore
647 2266 784 2350 corporis
798 2274 888 2351 parte
903 2267 1031 2348 nudata,
1047 2269 1210 2334 vulnerato
1225 2288 1307 2351 equo

271 2367 327 2432 vix
350 2387 385 2432 se
408 2387 449 2432 ex
471 2369 618 2434 manibus
640 2369 861 2452 praedantium
883 2370 1017 2435 militnm
1040 2371 1182 2455 eriperet.

240 2491 252 2537 r
374 2470 504 2535 XLVII.
550 2471 744 2537 Consecutus
774 2471 817 2556 id,
849 2458 933 2556 quod
961 2474 1066 2538 animo
1092 2481 1306 2560 proposuerat,

272 2574 389 2639 Caesar
410 2575 550 2657 receptui
573 2575 644 2639 cani
666 2574 758 2640 iussit
778 2575 974 2659 legionisque
996 2575 1147 2660 decimae,
1172 2597 1307 2659 quacum

237 2681 347 2758 cerat,
371 2677 518 2742 continuo
541 2677 634 2760 signa
656 2678 826 2743 constituit.
872 2685 906 2742 at
928 2677 1117 2761 reliquarum
1145 2680 1307 2764 legionum

270 2779 385 2844 milites
407 2799 472 2844 non
495 2780 644 2846 exaudito
666 2781 762 2846 tubae
785 2801 871 2862 sono,
899 2781 983 2864 quod
1005 2782 1082 2847 satis
1103 2803 1221 2866 magna
1242 2785 1307 2849 val·

232 2901 233 2904 ’
270 2883 317 2948 les
337 2881 565 2965 intercedebat,
595 2889 701 2948 tamen
730 2884 771 2948 ab
802 2883 936 2949 tribunis
965 2884 1097 2948 militnm
1119 2886 1305 2969 legatisque,

237 2991 306 3054 sut
335 2991 403 3050 erat
430 3005 451 3049 a
475 2985 609 3051 Caesare
638 2992 851 3070 praeceptum,
881 2987 1112 3072 retinebantur,
1143 2987 1201 3054 sed
1231 2990 1307 3054 elati

271 3108 328 3172 spe
350 3087 460 3154 celeris
481 3089 631 3153 victoriae
655 3095 686 3153 ct
708 3089 844 3154 hostium
867 3089 945 3173 fuga
967 3096 999 3154 et
1020 3091 1215 3174 superiorum
1230 3098 1307 3157 tem-

270 3209 381 3275 porum
402 3190 550 3256 secundis
571 3191 698 3275 proeliis
720 3192 799 3256 nihil
820 3191 900 3257 adeo
922 3191 1055 3258 arduum
1077 3193 1137 3258 sibi
1160 3214 1230 3260 esse
1253 3215 1307 3260 ex·

270 3293 498 3377 istimaverunt,
522 3293 606 3376 quod
627 3314 691 3358 non
714 3294 830 3360 virtute
853 3296 1003 3378 consequi
1031 3303 1170 3381 possent,
1201 3317 1307 3380 neque

270 3395 367 3460 finem
387 3396 474 3480 prius
496 3395 648 3479 sequendi
670 3396 822 3479 fecerunt,
846 3418 939 3480 quam
962 3419 1049 3462 muro
1065 3399 1174 3483 oppidi
1195 3401 1306 3484 portis

236 3519 253 3567 4
271 3518 333 3582 que
354 3499 655 3584 appropinquarunt.
701 3507 768 3566 tum
790 3521 865 3565 vero
889 3521 929 3565 ex
952 3503 1097 3568 omnibus
1126 3504 1213 3568 urbis
1235 3524 1306 3588 par-

270 3602 354 3668 tibus
377 3608 443 3668 orto
459 3603 603 3686 clamore,
627 3603 680 3686 qui
695 3603 819 3688 longius
833 3603 974 3687 aberant,
991 3605 1154 3689 repentino
1170 3607 1306 3671 tumultu

270 3705 437 3788 perterriti,
471 3725 542 3770 cum
574 3704 697 3771 hostem
730 3707 813 3770 intra
842 3713 948 3791 portas
978 3726 1047 3773 esse
1077 3709 1305 3790 existimarent,

239 3826 253 3872 s
272 3824 342 3870 sese
365 3825 406 3870 ex
429 3806 545 3891 oppido
562 3809 728 3872 eiecerunt.
753 3809 1008 3874 matresfamiliae
1023 3808 1063 3875 de
1078 3830 1167 3876 muro
1183 3817 1304 3876 vestem
