2960 4192
284 237 343 301 188
615 252 665 306 uu
683 251 798 305 annno
817 250 979 306 ennmoo

278 428 381 513 gionis
414 426 555 493 hibernis
589 446 651 491 non
688 425 847 509 potuerint
880 424 1047 509 contineri,
1083 424 1159 508 quin
1192 426 1315 492 bellum

278 537 427 615 pararent
449 530 741 612 coniurationesque
762 528 911 593 facerent.

246 653 258 699 r
382 635 438 697 ΙΙΙ.
474 633 650 716 Repentino
672 631 812 696 adventu
837 631 981 696 Caesaris
1002 629 1127 711 accidit,
1152 630 1234 713 quod
1257 631 1316 694 im-

277 738 396 820 paratis
419 737 621 818 disiectisque
643 734 787 800 accidere
809 733 869 798 fuit
891 754 1031 815 necesse,
1053 741 1089 798 ut
1111 735 1180 800 sine
1199 735 1314 800 timore

277 840 339 904 ullo
361 861 433 905 rura
450 841 589 904 colentes
610 838 697 923 prius
718 839 759 904 ab
776 837 917 920 equitatu
932 839 1192 922 opprimerentur,
1217 858 1314 919 quam

244 943 447 1027 aconfugere
469 943 502 1006 in
525 941 641 1026 oppida
671 947 808 1025 possent.
854 961 991 1022 namque
1021 941 1116 1005 etiam
1145 939 1223 1004 illud
1245 941 1313 1004 vul·

277 1067 353 1130 gare
375 1047 562 1111 incursionis
592 1044 729 1110 hostium
760 1044 894 1127 signum,
926 1043 1009 1124 quod
1040 1043 1195 1108 incendiis
1225 1043 1312 1108 aedi-

277 1148 418 1214 ficiorum
440 1149 582 1232 intellegi
606 1147 778 1228 consuevit,
796 1146 940 1212 Caesaris
961 1153 1028 1211 erat
1050 1147 1216 1212 interdicto
1239 1149 1311 1212 sub-

277 1253 375 1316 latum
381 1303 390 1335 ,
425 1272 466 1315 ne
499 1258 554 1314 aut
589 1251 679 1334 copia
712 1251 820 1334 pabuli
856 1250 1084 1332 frumentique,
1122 1251 1149 1316 si
1185 1251 1311 1335 longius

278 1352 422 1437 progredi
441 1355 546 1434 vellet,
569 1352 763 1436 deficeretur,
787 1359 842 1417 ant
864 1353 970 1418 hostes
990 1353 1145 1418 incendiis
1160 1360 1310 1418 terreren-

243 1478 258 1524 3
277 1465 334 1521 tur.
373 1457 479 1521 multis
502 1456 665 1520 hominum
686 1457 813 1521 milibus
837 1456 937 1539 captis
959 1456 1116 1540 perterriti
1139 1456 1308 1542 Bituriges,

277 1561 330 1642 qui
360 1560 496 1644 primum
524 1559 698 1624 adventum
727 1564 894 1643 potuerant
925 1559 1064 1642 effugere
1086 1560 1307 1641 Romanorum,

276 1663 308 1727 in
338 1663 488 1729 finitimas
520 1663 663 1728 civitates
692 1668 748 1726 aut
776 1660 909 1744 privatis
938 1661 1084 1746 hospitiis
1114 1663 1223 1728 confisi
1252 1671 1308 1728 aut

242 1766 425 1834 esocietate
448 1766 648 1831 consiliorum
671 1764 886 1848 confugerant.
932 1765 1062 1850 frustra;
1093 1787 1168 1830 nam
1191 1767 1309 1832 Caesar

275 1868 399 1952 magnis
432 1869 597 1935 itineribus
630 1868 776 1933 omnibus
808 1867 885 1932 locis
918 1869 1051 1933 occurrit
1080 1889 1140 1934 nec
1167 1869 1223 1934 dat
1252 1871 1308 1934 ulli

275 1971 395 2036 civitati
425 1973 561 2056 spatium
591 1971 631 2036 de
661 1971 768 2035 aliena
797 1971 901 2054 potius
936 1991 1030 2054 quam
1061 1971 1100 2037 de
1134 1972 1308 2038 domestica

274 2075 376 2138 salute
399 2074 571 2160 eogitandi;
596 2095 658 2158 qua
681 2073 840 2138 celeritate
862 2079 894 2138 et
915 2073 1026 2139 fideles
1055 2075 1172 2140 amieos
1194 2076 1307 2141 retine-

274 2178 329 2241 bat
352 2183 383 2241 et
405 2176 587 2243 dubitantes
609 2185 726 2241 terrore
741 2175 783 2240 ad
799 2175 999 2242 condiciones
1014 2177 1102 2260 pacis
1116 2177 1303 2244 adducebat.

240 2280 330 2347 stali
365 2280 549 2344 condicione
582 2280 741 2364 proposita
772 2279 939 2363 Bituriges,
965 2301 1036 2344 cum
1070 2281 1130 2346 sibi
1160 2281 1306 2347 viderent

274 2382 441 2447 elementia
475 2383 619 2448 Caesaris
652 2381 787 2447 reditum
820 2390 929 2467 patere
965 2385 999 2448 in
1033 2385 1100 2450 eius
1132 2386 1305 2450 amicitiam

272 2484 485 2567 finitimasque
508 2485 651 2550 civitates
674 2485 742 2550 sine
763 2486 828 2550 nlla
849 2506 952 2570 poena
971 2485 1097 2553 dedisse
1112 2487 1237 2554 obsides
1259 2495 1305 2552 at-

274 2608 334 2670 que
357 2588 390 2652 in
412 2588 509 2653 fidem
531 2595 674 2672 receptas
697 2609 776 2670 esse,
800 2588 884 2653 idem
906 2589 1057 2654 fecerunt.

242 2715 252 2758 1
376 2693 430 2757 IV.
456 2694 572 2758 Caesar
594 2693 746 2757 militibus
768 2712 824 2776 pro
847 2698 935 2757 tanto
949 2693 1057 2758 labore
1079 2713 1117 2758 ao
1139 2694 1302 2777 patientia,

273 2796 326 2878 qui
348 2797 543 2862 brumalibus
566 2795 688 2876 diebus,
711 2795 876 2860 itineribus
899 2795 1102 2876 difficillimis,
1133 2797 1303 2881 frigoribus

271 2899 476 2965 intolerandis
498 2898 725 2964 studiosissime
747 2905 985 2982 permanserant
1007 2899 1040 2963 in
1063 2901 1180 2980 labore,
1210 2899 1303 2965 duce-

271 3023 328 3068 nos
351 3023 385 3068 se
408 3002 575 3083 sestertios,
599 3001 833 3067 centurionibus
855 3002 988 3066 alterum
1010 3009 1133 3067 tantum
1164 3003 1302 3086 praedae

271 3105 397 3171 nomine
413 3104 660 3170 condonaturum
675 3105 838 3188 pollicetur
852 3104 1094 3188 legionibusque
1112 3104 1146 3169 in
1165 3107 1302 3172 hiberna

237 3229 252 3276 2
271 3208 409 3273 remissis
431 3208 500 3291 ipse
523 3227 557 3272 se
579 3207 690 3291 recipit
717 3206 769 3270 die
792 3207 927 3271 XXXX.
956 3207 1111 3272 Bibracte.
1157 3208 1203 3273 ibi
1230 3228 1302 3272 curn

271 3310 320 3375 ius
343 3310 470 3391 diceret,
497 3310 658 3394 Bituriges
684 3309 726 3374 ad
756 3330 827 3374 eum
853 3309 974 3393 legatos
996 3310 1125 3375 mittunt
1146 3311 1301 3376 auxilium

270 3414 402 3498 petitum
436 3419 545 3477 eontra
579 3413 745 3494 Carnutes,
785 3432 862 3495 quos
900 3413 1045 3478 intulisse
1083 3414 1199 3480 bellum
1238 3415 1300 3480 sibi

235 3540 251 3584 s
270 3518 489 3600 querebantur.
536 3537 598 3598 qua
620 3536 653 3580 rc
677 3516 813 3599 cognita,
837 3535 907 3579 eum
930 3515 997 3580 dies
1019 3537 1083 3582 non
1110 3517 1246 3601 amplius
1268 3519 1301 3582 X

270 3627 300 3684 et
322 3621 400 3684 VIll
422 3620 455 3682 irr
477 3618 617 3682 hibernis
641 3625 724 3682 esset
747 3625 894 3698 moratus,
917 3618 1056 3702 legiones
1078 3619 1164 3684 XIV.
1190 3627 1221 3684 et
1243 3621 1298 3684 Vl.

270 3742 310 3786 ex
340 3722 479 3788 hibernis
509 3721 550 3785 ab
581 3722 679 3786 Arare
713 3721 827 3804 educit,
859 3740 937 3803 quas
969 3722 1013 3788 ibi
1049 3723 1216 3789 collocatas
1246 3744 1299 3788 ex-

270 3823 434 3904 plicandae
456 3824 501 3887 rei
524 3824 747 3889 frumentariae
771 3844 866 3888 eausa
888 3825 1047 3907 superiore
1075 3827 1299 3892 commentario
