2936 4192
397 297 504 354 oonn.
518 300 539 354 1.
559 300 641 355 one.
655 301 896 378 xnrv-xnvn.
1128 290 1169 352 29

134 472 287 538 conicere.
335 473 452 538 Caesar
486 472 635 556 loquendi
664 473 758 538 finem
790 474 866 539 facit
896 496 993 558 seque
1022 477 1064 542 ad
1097 497 1204 546 suosa

133 575 253 659 reeepit
287 575 414 658 suisque
446 576 624 661 imperavit,
657 596 699 642 ne
733 577 816 660 quod
849 579 976 644 omnino
1009 581 1106 645 telum
1136 581 1168 644 in

132 678 240 744 hostes
274 677 435 744 reicereut.
482 699 556 744 nam
585 679 644 746 etsi
674 680 742 746 sine
772 681 835 746 ullo
864 681 1002 765 periculo
1035 683 1204 766 legioniss

133 781 276 846 delectae
293 800 363 846 oum
379 781 520 864 equitatu
535 783 688 866 proelium
710 783 777 848 fore
796 783 934 870 videbat,
958 792 1064 850 tamen
1087 806 1167 852 oom-
1289 823 1291 827 ·

133 883 322 949 mittendum
356 905 418 950 nou
453 884 598 969 putabat,
632 891 667 950 ut
700 886 799 970 pulsis
831 886 974 954 hostibus
1005 887 1067 953 diei
1099 909 1167 974 pos-

132 994 190 1072 set,
226 1007 280 1053 eos
311 987 353 1052 ab
386 1007 422 1054 se
454 1007 511 1073 per
543 987 638 1053 fidem
671 987 705 1053 in
739 989 891 1072 colloquio
928 990 1164 1056 onoumventos.

131 1099 339 1177 posteaquam
372 1091 405 1156 in
438 1092 552 1176 vulgus
585 1090 719 1156 militum
753 1092 870 1157 elatum
904 1099 960 1177 est,
995 1114 1058 1176 qua
1085 1115 1201 1162 arros

131 1194 242 1279 gantia
268 1194 302 1259 in
329 1194 481 1278 colloquio
503 1194 680 1260 Ariovistus
706 1214 781 1260 usus
807 1195 893 1260 omni
924 1195 1027 1262 Gallia
1054 1197 1165 1263 Roma-

130 1299 181 1364 nis
216 1297 440 1382 interdixisset,
475 1297 691 1383 impetumque
723 1297 757 1362 in
787 1305 909 1364 nostros
943 1301 1010 1364 eius
1044 1301 1165 1383 equites

131 1401 297 1484 fecissent,
336 1419 436 1483 eaque
469 1420 520 1467 res
553 1399 740 1482 colloquium
774 1407 809 1465 ut
842 1400 1033 1486 diremisset,
1068 1405 1165 1470 multo

130 1505 230 1570 maior
263 1503 409 1569 alacritas
443 1503 642 1586 studiumque
678 1503 842 1587 pugnandi
879 1505 980 1571 maius
1014 1507 1164 1572 exercitui

130 1607 280 1672 iniectum
304 1613 359 1672 est.

233 1710 362 1775 XLVII.
408 1708 510 1776 Biduo
532 1716 603 1793 post
625 1709 800 1775 Ariovistus
822 1709 864 1775 ad
888 1711 1056 1776 Gaesarem
1078 1712 1193 1798 lega-r

129 1821 179 1879 tos
209 1812 318 1876 mittit:
349 1813 430 1876 velle
460 1832 494 1877 se
524 1810 564 1877 de
594 1811 644 1878 his
674 1812 777 1896 rebus,
809 1832 890 1895 quae
918 1813 1000 1878 inter
1030 1835 1084 1879 eos
1109 1814 1162 1898 agi

129 1921 261 2000 coeptae
290 1934 393 1997 neque
426 1914 585 1999 perfectae
608 1921 723 1998 essent,
753 1935 848 1998 agere
872 1935 942 1980 cum
965 1935 1017 1982 eo:
1039 1917 1085 1981 uti
1107 1923 1162 1982 aut

128 2019 243 2084 iterum
260 2017 411 2101 colloquio
427 2017 511 2083 diem
534 2018 737 2084 constitueret
758 2025 822 2102 aut,
846 2018 873 2084 si
888 2018 921 2083 id
936 2019 1041 2084 minus
1056 2020 1160 2104 vellet,

128 2143 147 2188 e
170 2122 235 2188 suis
257 2122 396 2205 legatum
419 2121 557 2203 aliquem
579 2120 621 2186 ad
644 2141 679 2188 se
700 2121 847 2186 mitteret.
875 2123 1072 2206 colloquendi
1087 2123 1198 2193 Cae-a

128 2225 191 2291 sari
222 2244 318 2290 cansa
339 2224 409 2290 visa
438 2244 501 2288 uon
532 2231 588 2308 est,
617 2231 649 2289 et
671 2245 708 2290 eo
730 2225 842 2309 magis,
866 2225 949 2308 quod
970 2226 1072 2310 pridie
1095 2227 1162 2292 eius

58 2347 60 2350 ·
129 2329 193 2394 diei
209 2328 358 2394 Germani
380 2327 508 2392 retineri
531 2347 593 2392 non
617 2333 793 2411 potuerant,
817 2327 891 2410 quin
914 2327 948 2393 in
962 2336 1084 2395 nostros
1099 2331 1161 2395 tela

129 2433 316 2498 eonioerent.
347 2431 486 2514 legatum
510 2449 527 2494 e
550 2430 614 2496 suis
637 2449 707 2495 sese
729 2450 844 2514 magno
867 2451 937 2496 oum
960 2432 1097 2515 periculo
1119 2432 1196 2502 ade

129 2556 201 2600 eum
224 2534 391 2600 missurum
407 2540 439 2598 et
453 2532 632 2598 hominibus
647 2532 723 2598 feris
737 2532 931 2598 obiecturum
947 2535 1157 2600 existimabat.

129 2637 413 2704 commodissimum
435 2636 538 2702 visum
561 2644 609 2701 est
631 2636 744 2701 Gaium
759 2636 918 2701 Valerium
933 2637 1108 2722 Procillum,
1126 2639 1159 2704 0.
1178 2661 1196 2706 4

128 2741 247 2807 Valerii
271 2739 386 2818 Caburi
408 2739 516 2823 filium,
540 2759 662 2804 summa
692 2738 807 2803 virtute
830 2745 862 2804 et
883 2739 1079 2804 humanitate
1107 2740 1160 2805 ad·

129 2847 332 2928 ulesoentem,
364 2844 451 2909 ouius
481 2849 571 2927 pater
597 2864 617 2906 a
640 2841 719 2908 Gaio
742 2842 867 2907 Valerio
889 2843 1002 2908 Flacco
1033 2843 1160 2910 civitate

129 2949 264 3016 donatus
287 2953 362 3030 erat,
387 2953 419 3011 et
440 2953 567 3030 propter
588 2944 684 3010 fidem
712 2952 744 3010 et
770 2951 896 3028 propter
917 2945 1044 3030 linguae
1068 2947 1159 3012 Galli·

129 3072 185 3117 cae
207 3049 381 3134 seientiam,
405 3070 467 3132 qua
489 3049 587 3114 multa
609 3048 672 3112 iam
695 3047 870 3113 Ariovistus
892 3048 1065 3132 longinqua
1092 3070 1159 3114 oon-

129 3153 295 3222 suetudine
324 3153 479 3236 utebatur,
512 3158 544 3218 et
573 3151 656 3234 quod
685 3151 718 3215 in
749 3171 785 3216 eo
815 3151 967 3235 peccandi
995 3153 1159 3220 Germanis

129 3278 224 3324 causa
252 3276 315 3322 uon
346 3263 437 3340 esset,
469 3254 511 3320 ad
541 3275 612 3320 eum
642 3254 774 3338 mittere,
806 3260 837 3319 et
858 3255 997 3320 Marcum
1019 3257 1158 3342 Metium,

130 3362 182 3444 qui
208 3359 344 3444 hospitio
371 3359 520 3424 Ariovisti
547 3359 702 3424 utebatur.
747 3356 797 3424 his
825 3357 988 3424 mandavit
1011 3367 1054 3446 ut,
1078 3381 1194 3444 quaet

130 3465 247 3530 diceret
268 3463 454 3546 Ariovistus,
479 3466 703 3545 cognoscerent
726 3461 820 3525 etad
843 3482 877 3527 se
892 3462 1053 3528 referrent.
1082 3485 1194 3546 quoso

129 3589 198 3634 oum
222 3565 306 3651 apud
329 3585 363 3630 se
385 3565 418 3629 in
441 3564 551 3630 eastris
573 3563 748 3630 Ariovistus
771 3566 996 3649 conspexisset,
1020 3568 1158 3633 exercitu

129 3693 184 3736 suo
217 3675 380 3755 praesente
414 3667 634 3733 conclamavit:
668 3665 744 3749 quid
776 3667 817 3732 ad
851 3688 885 3734 se
917 3668 1083 3734 venirent?
1116 3691 1158 3736 an

129 3772 311 3859 speculandi
333 3771 450 3836 causa?
483 3778 632 3836 conantes
656 3769 759 3834 dicere
782 3771 939 3854 prohibuit
969 3773 1055 3836 etin
1079 3781 1160 3837 cate—

127 3899 186 3943 nas
209 3874 349 3941 coniecit.
