2966 4196
454 263 560 319 ΟΟΜΜ.
573 263 608 319 V.
626 263 864 318 cnP.x-xl11.
1137 245 1175 308 91

243 439 318 505 XII.
346 437 529 501 Britanniae
551 455 625 520 pars
647 434 775 500 interior
797 435 837 500 ab
861 434 900 500 iis
922 433 1076 518 incolitur,
1100 454 1211 516 quosr

140 547 232 608 natos
255 542 290 606 in
311 540 416 604 insula
435 540 497 623 ipsi
518 537 669 603 memoria
690 537 849 622 proditum
871 537 989 622 dieunt,
1019 537 1215 607 mantinea

18 693 19 710 2
139 665 214 728 pars
244 646 286 710 ab
318 643 367 727 iis,
400 643 453 726 qui
481 640 657 726 praedandi
683 660 721 706 ao
743 641 818 706 belli
840 640 997 706 inferendi
1020 659 1116 706 eausa
1137 661 1179 706 ex

139 748 252 831 Belgio
274 745 528 811 transierant-
549 744 603 827 qui
625 763 734 809 omnes
755 742 823 808 fere
845 744 884 808 iis
905 743 1085 810 nominibus
1107 743 1179 810 eivi-

139 856 241 914 tatum
260 849 469 933 appellantur,
492 847 606 930 quibus
627 847 686 912 orti
703 867 744 912 ex
767 847 946 912 civitatibus
969 865 1006 912 eo
1029 867 1178 931 pervene

15 959 17 1050 ζ
138 961 213 1016 runt
247 989 289 999 —
324 959 356 1016 et
388 951 471 1016 bello
499 951 585 1015 illato
615 949 660 1014 ibi
689 955 930 1033 permanserunt
958 956 1053 1032 atque
1087 969 1179 1034 agros

139 1055 244 1120 colere
267 1059 446 1138 eoeperunt.
477 1053 639 1118 hominum
662 1059 710 1118 est
731 1051 855 1118 infinita
876 1051 1043 1117 multitudo
1059 1053 1216 1121 creber-s

14 1237 16 1248 ,
138 1157 284 1240 rimaque
298 1155 446 1221 aedificia
459 1155 526 1224 fere
538 1155 666 1221 Gallicis
682 1155 865 1239 oonsimilia,
881 1175 1029 1240 peeorum
1043 1174 1179 1241 magnus

138 1278 301 1324 numerus.
347 1265 477 1324 utuntur
497 1263 552 1322 aut
579 1276 652 1322 aere
674 1263 729 1322 aut
750 1258 841 1323 taleis
863 1257 974 1324 ferreis
995 1257 1037 1324 ad
1060 1265 1215 1328 oertumt

14 1409 15 1412 ,
139 1361 267 1446 pondus
295 1361 484 1426 examinatis
510 1381 567 1446 pro
593 1380 730 1426 nummo.
775 1361 916 1427 naseitur
942 1362 987 1428 ibi
1014 1363 1215 1448 plumbumo

139 1465 248 1530 album
271 1464 305 1528 in
328 1462 567 1529 mediterraneis
588 1463 778 1547 regionibus,
805 1465 838 1528 in
864 1465 1029 1531 maritimis
1050 1465 1177 1551 serrum,

13 1563 14 1626 l
140 1568 197 1633 sed
214 1567 283 1632 eius
298 1567 416 1650 exigna
431 1573 478 1632 est
494 1567 598 1652 eopia,
614 1585 688 1632 aere
702 1573 832 1632 utuntur
846 1567 1022 1651 importabo.
1046 1569 1179 1634 materia

13 1707 14 1710 =
141 1671 293 1753 cuiusque
318 1669 444 1752 generis
473 1675 508 1734 ut
533 1669 567 1733 in
594 1669 697 1735 Gallia
724 1676 772 1734 est
797 1676 923 1753 praeter
951 1669 1061 1754 fagum
1083 1675 1177 1754 atque

140 1774 288 1839 abietem.
319 1772 459 1856 leporem
475 1777 506 1837 et
520 1772 670 1856 gallinam
686 1777 718 1837 et
732 1791 876 1837 anserem
896 1778 1024 1856 gustare
1043 1771 1093 1838 fas
1112 1792 1175 1838 non
1195 1793 1214 1841 o

140 1880 268 1959 putant;
291 1872 371 1939 haee
389 1879 496 1939 tamen
510 1874 600 1938 alunt
614 1874 713 1938 animi
727 1873 961 1957 voluptatisque
981 1893 1085 1939 causa.
1108 1875 1177 1940 looa

140 1983 215 2043 sunt
229 1977 453 2062 temperatiora
468 1997 562 2059 quern
577 1977 611 2041 in
626 1976 730 2042 Gallia
747 1975 976 2041 remissioribus
997 1974 1173 2059 frigoribus.

244 2080 334 2144 XIII.
380 2080 487 2144 Insula
516 2085 630 2144 natura
658 2078 818 2162 triquetra,
849 2078 937 2144 ouius
966 2099 1064 2144 unum
1093 2079 1209 2149 latusr

140 2188 191 2247 est
213 2188 322 2247 eontra
344 2181 487 2247 Galliam.
534 2182 626 2246 huius
648 2183 755 2248 lateris
776 2183 856 2248 alter
878 2182 1022 2267 angulus,
1053 2183 1106 2266 qui
1129 2191 1176 2250 est

140 2283 183 2350 ad
207 2284 364 2368 (lentium,
389 2304 450 2366 qno
480 2283 547 2349 iere
573 2304 682 2351 omnes
705 2305 745 2351 ex
769 2285 872 2351 Gallia
893 2305 993 2352 naves
1015 2288 1176 2372 appellun-

139 2395 201 2472 tur,
232 2387 274 2452 ad
303 2387 455 2452 orientem
485 2387 591 2471 solem,
621 2388 750 2454 inferior
777 2389 821 2454 ad
849 2389 1013 2456 meridiem
1044 2397 1174 2475 spectat.

141 2489 202 2555 hoo
223 2489 361 2574 pertinet
383 2489 507 2554 oiroiter
528 2490 614 2554 milia
635 2511 786 2575 passuum
816 2493 997 2577 quingenta.
1043 2493 1212 2564 alterumn

141 2595 245 2678 vergit
273 2593 316 2658 ad
344 2593 531 2678 HIspaniam
560 2600 655 2676 etque
684 2593 880 2660 occidentem
909 2596 1021 2679 solem;
1050 2615 1112 2678 qua
1133 2615 1175 2661 ex

140 2703 231 2781 parte
254 2702 303 2762 est
323 2696 486 2779 Hibernia,
510 2695 639 2762 dimidio
661 2697 772 2781 minor,
795 2704 831 2762 ut
850 2697 1056 2782 existimatur,
1080 2715 1174 2780 quam

141 2798 314 2883 Britannia,
346 2797 403 2863 sed
431 2798 502 2883 pari
531 2799 634 2883 spatio
661 2800 862 2865 transmissus
882 2805 984 2882 ,atque
1007 2818 1048 2864 ex
1071 2799 1175 2865 Gallia

142 2901 244 2967 estin
266 2900 472 2966 Britanniam.
507 2901 540 2965 irr
563 2901 623 2967 hoo
645 2901 749 2967 medio
773 2921 864 2968 eursu
887 2907 936 2968 est
957 2901 1069 2986 insula,
1093 2922 1210 2985 quaes

141 3003 318 3088 appellatur
338 3004 447 3090 Mona;
470 3005 645 3089 eomplures
667 3011 831 3089 praeterea
855 3005 992 3070 minores
1014 3005 1174 3070 subiectae

141 3106 262 3171 insulae
284 3107 517 3192 existimantem
541 3106 581 3172 de
604 3107 717 3190 quibus
739 3107 850 3174 insulis
876 3107 1031 3172 nonnulli
1045 3107 1174 3192 seripse-

141 3215 223 3292 runt,
256 3207 325 3274 dies
359 3209 521 3274 continuos
550 3209 679 3294 triginta
708 3210 766 3275 rub
797 3210 909 3275 bruma
939 3229 1009 3276 esse
1038 3217 1171 3276 nootem.

140 3331 198 3376 nos
219 3310 299 3376 nihil
321 3310 361 3375 de
384 3331 421 3376 eo
442 3312 731 3396 percontationibus
752 3313 996 3398 reperiebamus,
1027 3315 1088 3380 nisi
1111 3334 1209 3382 uer-4

140 3414 181 3479 tis
203 3432 245 3478 ex
267 3434 352 3497 aqna
372 3414 528 3481 mensuris
549 3414 710 3480 breviores
733 3435 803 3481 esse
826 3435 921 3499 quam
944 3416 977 3481 in
1001 3417 1172 3482 continenti

140 3522 249 3582 noctes
270 3515 467 3582 videbamus.
511 3515 604 3582 huius
633 3524 681 3584 est
709 3518 872 3602 longitudo
902 3519 1019 3603 lateris,
1049 3525 1084 3584 ut
1112 3517 1209 3586 ferte

140 3618 263 3684 illorum
278 3619 393 3702 opinio,
416 3619 685 3704 septingentorum
700 3621 830 3686 milium.
861 3622 987 3686 tertium
1003 3627 1051 3686 est
1066 3625 1173 3685 eontra
1191 3641 1209 3689 o

140 3721 395 3806 septemtriones;
419 3722 469 3787 oui
490 3723 572 3806 parti
594 3723 681 3788 nulla
703 3729 750 3788 est
765 3724 889 3788 obieeta
910 3729 1003 3807 terra,
1026 3721 1083 3787 sed
1106 3722 1173 3788 eius

142 3825 275 3908 ungulus
297 3825 403 3890 lateris
425 3825 563 3890 maxime
578 3825 620 3889 ad
636 3825 836 3890 Germaniam
851 3830 982 3909 spectat.
1012 3823 1072 3890 hoe
1087 3825 1173 3890 milia
