<?xml version="1.0" encoding="UTF-8"?>
<!DOCTYPE html PUBLIC "-//W3C//DTD XHTML 1.0 Transitional//EN"
    "http://www.w3.org/TR/xhtml1/DTD/xhtml1-transitional.dtd">
<html xmlns="http://www.w3.org/1999/xhtml" xml:lang="en" lang="en">
 <head>
  <title>
</title>
<meta http-equiv="Content-Type" content="text/html;charset=utf-8" />
  <meta name='ocr-system' content='tesseract 3.04.00' />
  <meta name='ocr-capabilities' content='ocr_page ocr_carea ocr_par ocr_line ocrx_word'/>
</head>
<body>
  <div class='ocr_page' id='page_1' title='image "./commentariidebe00pramgoog_0037.png"; bbox 0 0 2936 4192; ppageno 0'>
   <div class='ocr_carea' id='block_1_1' title="bbox 256 232 956 298">
    <p class='ocr_par' dir='ltr' id='par_1_1' title="bbox 256 232 956 298">
     <span class='ocr_line' id='line_1_1' title="bbox 256 232 956 298; baseline 0.004 -3"><span class='ocrx_word' id='word_1_1' title='bbox 256 232 297 295; x_wconf 80' lang='grc'><strong>22</strong></span> <span class='ocrx_word' id='word_1_2' title='bbox 593 245 642 298; x_wconf 82' lang='lat' dir='ltr'><strong>Du</strong></span> <span class='ocrx_word' id='word_1_3' title='bbox 660 243 777 298; x_wconf 85' lang='lat' dir='ltr'>BELLO</span> <span class='ocrx_word' id='word_1_4' title='bbox 795 241 956 298; x_wconf 84' lang='lat' dir='ltr'>GALLICO</span> 
     </span>
    </p>
   </div>
   <div class='ocr_carea' id='block_1_2' title="bbox 153 415 1335 3903">
    <p class='ocr_par' dir='ltr' id='par_1_2' title="bbox 256 415 1290 506">
     <span class='ocr_line' id='line_1_2' title="bbox 256 415 1290 506; baseline -0.007 -20"><span class='ocrx_word' id='word_1_5' title='bbox 256 420 455 506; x_wconf 85' lang='lat' dir='ltr'><strong>transportati</strong></span> <span class='ocrx_word' id='word_1_6' title='bbox 473 424 587 501; x_wconf 84' lang='lat' dir='ltr'><strong>essent,</strong></span> <span class='ocrx_word' id='word_1_7' title='bbox 608 416 688 483; x_wconf 88' lang='lat' dir='ltr'><strong>fines</strong></span> <span class='ocrx_word' id='word_1_8' title='bbox 708 437 812 482; x_wconf 89' lang='lat' dir='ltr'><strong>eorum</strong></span> <span class='ocrx_word' id='word_1_9' title='bbox 834 417 1069 502; x_wconf 82' lang='lat' dir='ltr'>popularentur:</span> <span class='ocrx_word' id='word_1_10' title='bbox 1091 436 1160 483; x_wconf 89' lang='lat' dir='ltr'><strong>sese</strong></span> <span class='ocrx_word' id='word_1_11' title='bbox 1179 435 1221 480; x_wconf 90' lang='lat' dir='ltr'><strong>ue</strong></span> <span class='ocrx_word' id='word_1_12' title='bbox 1235 415 1290 480; x_wconf 91' lang='lat' dir='ltr'><strong>ob-</strong></span> 
     </span>
    </p>

    <p class='ocr_par' dir='ltr' id='par_1_3' title="bbox 153 519 1290 604">
     <span class='ocr_line' id='line_1_3' title="bbox 153 519 1290 604; baseline -0.005 -15"><span class='ocrx_word' id='word_1_13' title='bbox 153 519 155 524; x_wconf 76' lang='grc'><strong>’</strong></span> <span class='ocrx_word' id='word_1_14' title='bbox 255 524 375 589; x_wconf 92' lang='lat' dir='ltr'><strong>sidibus</strong></span> <span class='ocrx_word' id='word_1_15' title='bbox 398 521 523 604; x_wconf 91' lang='lat' dir='ltr'><strong>quidem</strong></span> <span class='ocrx_word' id='word_1_16' title='bbox 547 519 629 585; x_wconf 89' lang='lat' dir='ltr'><strong>datis</strong></span> <span class='ocrx_word' id='word_1_17' title='bbox 652 540 760 604; x_wconf 90' lang='lat' dir='ltr'><strong>pacem</strong></span> <span class='ocrx_word' id='word_1_18' title='bbox 784 520 932 585; x_wconf 84' lang='lat' dir='ltr'><strong>Ariovisti</strong></span> <span class='ocrx_word' id='word_1_19' title='bbox 958 519 1112 586; x_wconf 81' lang='lat' dir='ltr'><strong>redimere</strong></span> <span class='ocrx_word' id='word_1_20' title='bbox 1134 519 1290 604; x_wconf 69' lang='lat' dir='ltr'><strong>potuisse,</strong></span> 
     </span>
    </p>

    <p class='ocr_par' dir='ltr' id='par_1_4' title="bbox 202 619 1290 813">
     <span class='ocr_line' id='line_1_4' title="bbox 202 619 1289 710; baseline -0.007 -16"><span class='ocrx_word' id='word_1_21' title='bbox 202 619 383 695; x_wconf 53' lang='lat' dir='ltr'><strong>&#39;chereti</strong></span> <span class='ocrx_word' id='word_1_22' title='bbox 406 632 520 708; x_wconf 88' lang='lat' dir='ltr'><strong>autem,</strong></span> <span class='ocrx_word' id='word_1_23' title='bbox 548 644 648 710; x_wconf 84' lang='lat' dir='ltr'>pagos</span> <span class='ocrx_word' id='word_1_24' title='bbox 670 629 795 688; x_wconf 92' lang='lat' dir='ltr'><strong>centum</strong></span> <span class='ocrx_word' id='word_1_25' title='bbox 818 623 991 690; x_wconf 86' lang='lat' dir='ltr'><strong>Sueborum</strong></span> <span class='ocrx_word' id='word_1_26' title='bbox 1014 623 1055 688; x_wconf 87' lang='lat' dir='ltr'><strong>ad</strong></span> <span class='ocrx_word' id='word_1_27' title='bbox 1078 624 1163 708; x_wconf 84' lang='lat' dir='ltr'><strong>ripas</strong></span> <span class='ocrx_word' id='word_1_28' title='bbox 1185 622 1289 688; x_wconf 84' lang='lat' dir='ltr'><strong>Rheni</strong></span> 
     </span>
     <span class='ocr_line' id='line_1_5' title="bbox 257 727 1290 813; baseline -0.004 -19"><span class='ocrx_word' id='word_1_29' title='bbox 257 729 443 813; x_wconf 75' lang='lat' dir='ltr'><strong>consedisse,</strong></span> <span class='ocrx_word' id='word_1_30' title='bbox 468 729 519 811; x_wconf 91' lang='lat' dir='ltr'><strong>qui</strong></span> <span class='ocrx_word' id='word_1_31' title='bbox 534 728 679 793; x_wconf 89' lang='lat' dir='ltr'><strong>Rhenum</strong></span> <span class='ocrx_word' id='word_1_32' title='bbox 695 727 828 792; x_wconf 86' lang='lat' dir='ltr'><strong>transire</strong></span> <span class='ocrx_word' id='word_1_33' title='bbox 848 734 1047 812; x_wconf 64' lang='lat' dir='ltr'><strong>concreatum</strong></span> <span class='ocrx_word' id='word_1_34' title='bbox 1071 727 1119 791; x_wconf 89' lang='lat' dir='ltr'><strong>bis</strong></span> <span class='ocrx_word' id='word_1_35' title='bbox 1142 746 1290 810; x_wconf 88' lang='lat' dir='ltr'><strong>praeesse</strong></span> 
     </span>
    </p>

    <p class='ocr_par' dir='ltr' id='par_1_5' title="bbox 157 831 1291 1122">
     <span class='ocr_line' id='line_1_6' title="bbox 157 831 1287 914; baseline -0.006 -13"><span class='ocrx_word' id='word_1_36' title='bbox 157 873 159 876; x_wconf 83' lang='grc'><em>·</em></span> <span class='ocrx_word' id='word_1_37' title='bbox 221 857 237 901; x_wconf 76' lang='lat'>4</span> <span class='ocrx_word' id='word_1_38' title='bbox 256 835 396 899; x_wconf 81' lang='lat' dir='ltr'><strong>Nasuam</strong></span> <span class='ocrx_word' id='word_1_39' title='bbox 413 839 444 898; x_wconf 88' lang='lat' dir='ltr'><strong>et</strong></span> <span class='ocrx_word' id='word_1_40' title='bbox 460 832 650 899; x_wconf 81' lang='lat' dir='ltr'><strong>Cimberium</strong></span> <span class='ocrx_word' id='word_1_41' title='bbox 667 832 787 896; x_wconf 83' lang='lat' dir='ltr'><strong>iratres.</strong></span> <span class='ocrx_word' id='word_1_42' title='bbox 820 832 933 914; x_wconf 91' lang='lat' dir='ltr'><strong>quibus</strong></span> <span class='ocrx_word' id='word_1_43' title='bbox 951 832 1045 897; x_wconf 90' lang='lat' dir='ltr'><strong>rebus</strong></span> <span class='ocrx_word' id='word_1_44' title='bbox 1062 832 1177 897; x_wconf 83' lang='lat' dir='ltr'><strong>Caesar</strong></span> <span class='ocrx_word' id='word_1_45' title='bbox 1198 831 1287 896; x_wconf 79' lang='lat' dir='ltr'><strong>vsbe</strong></span> 
     </span>
     <span class='ocr_line' id='line_1_7' title="bbox 256 934 1289 1018; baseline -0.006 -16"><span class='ocrx_word' id='word_1_46' title='bbox 256 943 378 1002; x_wconf 82' lang='lat' dir='ltr'><strong>menter</strong></span> <span class='ocrx_word' id='word_1_47' title='bbox 403 943 575 1001; x_wconf 90' lang='lat' dir='ltr'><strong>commotus</strong></span> <span class='ocrx_word' id='word_1_48' title='bbox 603 935 820 999; x_wconf 88' lang='lat' dir='ltr'><strong>maturandum</strong></span> <span class='ocrx_word' id='word_1_49' title='bbox 850 935 908 1000; x_wconf 94' lang='lat' dir='ltr'><strong>sibi</strong></span> <span class='ocrx_word' id='word_1_50' title='bbox 936 935 1143 1017; x_wconf 84' lang='lat' dir='ltr'><strong>existimavit,</strong></span> <span class='ocrx_word' id='word_1_51' title='bbox 1176 954 1230 1018; x_wconf 88' lang='lat' dir='ltr'><strong>ne,</strong></span> <span class='ocrx_word' id='word_1_52' title='bbox 1261 934 1289 997; x_wconf 89' lang='lat' dir='ltr'><strong>si</strong></span> 
     </span>
     <span class='ocr_line' id='line_1_8' title="bbox 256 1037 1291 1122; baseline -0.004 -18"><span class='ocrx_word' id='word_1_53' title='bbox 256 1059 340 1105; x_wconf 89' lang='lat' dir='ltr'><strong>nova</strong></span> <span class='ocrx_word' id='word_1_54' title='bbox 362 1059 473 1104; x_wconf 89' lang='lat' dir='ltr'><strong>manus</strong></span> <span class='ocrx_word' id='word_1_55' title='bbox 488 1038 659 1104; x_wconf 85' lang='lat' dir='ltr'><strong>Suebomm</strong></span> <span class='ocrx_word' id='word_1_56' title='bbox 681 1059 750 1102; x_wconf 88' lang='lat' dir='ltr'><strong>cum</strong></span> <span class='ocrx_word' id='word_1_57' title='bbox 768 1038 925 1103; x_wconf 89' lang='lat' dir='ltr'><strong>veteribus</strong></span> <span class='ocrx_word' id='word_1_58' title='bbox 941 1038 1039 1122; x_wconf 90' lang='lat' dir='ltr'><strong>copiis</strong></span> <span class='ocrx_word' id='word_1_59' title='bbox 1053 1037 1201 1102; x_wconf 84' lang='lat' dir='ltr'><strong>Ariovisti</strong></span> <span class='ocrx_word' id='word_1_60' title='bbox 1218 1057 1291 1102; x_wconf 86' lang='lat' dir='ltr'><strong>sese</strong></span> 
     </span>
    </p>

    <p class='ocr_par' dir='ltr' id='par_1_6' title="bbox 222 1139 1327 1413">
     <span class='ocr_line' id='line_1_9' title="bbox 222 1139 1327 1225; baseline -0.007 -14"><span class='ocrx_word' id='word_1_61' title='bbox 222 1143 479 1224; x_wconf 83' lang='lat' dir='ltr'><strong>scouiunxisset,</strong></span> <span class='ocrx_word' id='word_1_62' title='bbox 506 1142 609 1205; x_wconf 88' lang='lat' dir='ltr'><strong>minus</strong></span> <span class='ocrx_word' id='word_1_63' title='bbox 633 1141 725 1205; x_wconf 88' lang='lat' dir='ltr'><strong>facile</strong></span> <span class='ocrx_word' id='word_1_64' title='bbox 752 1141 853 1206; x_wconf 83' lang='lat' dir='ltr'><strong>resisti</strong></span> <span class='ocrx_word' id='word_1_65' title='bbox 878 1147 992 1225; x_wconf 92' lang='lat' dir='ltr'><strong>posset.</strong></span> <span class='ocrx_word' id='word_1_66' title='bbox 1039 1141 1145 1223; x_wconf 89' lang='lat' dir='ltr'><strong>itaque</strong></span> <span class='ocrx_word' id='word_1_67' title='bbox 1171 1161 1205 1205; x_wconf 88' lang='lat' dir='ltr'><strong>rc</strong></span> <span class='ocrx_word' id='word_1_68' title='bbox 1228 1139 1289 1203; x_wconf 86' lang='lat' dir='ltr'><strong>fru-</strong></span> <span class='ocrx_word' id='word_1_69' title='bbox 1323 1145 1327 1154; x_wconf 88' lang='lat'>&#39;</span> 
     </span>
     <span class='ocr_line' id='line_1_10' title="bbox 256 1243 1290 1329; baseline -0.004 -19"><span class='ocrx_word' id='word_1_70' title='bbox 256 1246 418 1328; x_wconf 78' lang='lat' dir='ltr'><strong>monteria,</strong></span> <span class='ocrx_word' id='word_1_71' title='bbox 443 1265 536 1326; x_wconf 91' lang='lat' dir='ltr'><strong>quam</strong></span> <span class='ocrx_word' id='word_1_72' title='bbox 553 1245 712 1308; x_wconf 78' lang='lat' dir='ltr'><strong>celerrime</strong></span> <span class='ocrx_word' id='word_1_73' title='bbox 732 1244 841 1329; x_wconf 91' lang='lat' dir='ltr'><strong>potuit,</strong></span> <span class='ocrx_word' id='word_1_74' title='bbox 865 1250 1046 1328; x_wconf 86' lang='lat' dir='ltr'><strong>comparata</strong></span> <span class='ocrx_word' id='word_1_75' title='bbox 1060 1243 1184 1327; x_wconf 81' lang='lat' dir='ltr'><strong>maguis</strong></span> <span class='ocrx_word' id='word_1_76' title='bbox 1200 1243 1290 1307; x_wconf 92' lang='lat' dir='ltr'><strong>itine-</strong></span> 
     </span>
     <span class='ocr_line' id='line_1_11' title="bbox 256 1332 811 1413; baseline -0.004 -1"><span class='ocrx_word' id='word_1_77' title='bbox 256 1348 342 1413; x_wconf 89' lang='lat' dir='ltr'><strong>ribus</strong></span> <span class='ocrx_word' id='word_1_78' title='bbox 364 1349 405 1412; x_wconf 91' lang='lat' dir='ltr'><strong>ad</strong></span> <span class='ocrx_word' id='word_1_79' title='bbox 427 1332 618 1413; x_wconf 82' lang='lat' dir='ltr'><strong>Ariovistum</strong></span> <span class='ocrx_word' id='word_1_80' title='bbox 642 1346 811 1411; x_wconf 89' lang='lat' dir='ltr'><strong>contendit.</strong></span> 
     </span>
    </p>

    <p class='ocr_par' dir='ltr' id='par_1_7' title="bbox 225 1449 1288 1534">
     <span class='ocr_line' id='line_1_12' title="bbox 225 1449 1288 1534; baseline -0.007 -14"><span class='ocrx_word' id='word_1_81' title='bbox 225 1475 237 1520; x_wconf 85' lang='lat'>1</span> <span class='ocrx_word' id='word_1_82' title='bbox 360 1452 541 1515; x_wconf 88' lang='lat' dir='ltr'>XXXVIII.</span> <span class='ocrx_word' id='word_1_83' title='bbox 567 1451 644 1516; x_wconf 76' lang='lat' dir='ltr'><strong>(ium</strong></span> <span class='ocrx_word' id='word_1_84' title='bbox 665 1449 757 1514; x_wconf 89' lang='lat' dir='ltr'><strong>tridui</strong></span> <span class='ocrx_word' id='word_1_85' title='bbox 773 1450 858 1514; x_wconf 88' lang='lat' dir='ltr'><strong>viam</strong></span> <span class='ocrx_word' id='word_1_86' title='bbox 879 1451 1089 1534; x_wconf 83' lang='lat' dir='ltr'><strong>processisset,</strong></span> <span class='ocrx_word' id='word_1_87' title='bbox 1109 1451 1288 1516; x_wconf 87' lang='lat' dir='ltr'><strong>nuntiatum</strong></span> 
     </span>
    </p>

    <p class='ocr_par' dir='ltr' id='par_1_8' title="bbox 193 1552 1288 1741">
     <span class='ocr_line' id='line_1_13' title="bbox 193 1552 1287 1638; baseline -0.006 -14"><span class='ocrx_word' id='word_1_88' title='bbox 193 1552 1287 1638; x_wconf 51' lang='lat' dir='ltr'><strong>.mmmmmmmmmmmmm</strong></span> 
     </span>
     <span class='ocr_line' id='line_1_14' title="bbox 257 1655 1288 1741; baseline -0.004 -17"><span class='ocrx_word' id='word_1_89' title='bbox 257 1659 489 1741; x_wconf 86' lang='lat' dir='ltr'><strong>Vesontionem,</strong></span> <span class='ocrx_word' id='word_1_90' title='bbox 518 1657 600 1739; x_wconf 93' lang='lat' dir='ltr'><strong>quod</strong></span> <span class='ocrx_word' id='word_1_91' title='bbox 623 1664 671 1722; x_wconf 89' lang='lat' dir='ltr'><strong>est</strong></span> <span class='ocrx_word' id='word_1_92' title='bbox 692 1655 840 1740; x_wconf 90' lang='lat' dir='ltr'><strong>oppidum</strong></span> <span class='ocrx_word' id='word_1_93' title='bbox 865 1657 1035 1720; x_wconf 83' lang='lat' dir='ltr'><strong>maximum</strong></span> <span class='ocrx_word' id='word_1_94' title='bbox 1061 1657 1288 1739; x_wconf 75' lang='lat' dir='ltr'><strong>Sequanorum,</strong></span> 
     </span>
    </p>

    <p class='ocr_par' dir='ltr' id='par_1_9' title="bbox 223 1759 1286 1848">
     <span class='ocr_line' id='line_1_15' title="bbox 223 1759 1286 1848; baseline -0.006 -20"><span class='ocrx_word' id='word_1_95' title='bbox 223 1761 446 1829; x_wconf 84' lang='lat' dir='ltr'><strong>scontendere</strong></span> <span class='ocrx_word' id='word_1_96' title='bbox 468 1759 623 1843; x_wconf 88' lang='lat' dir='ltr'><strong>triduique</strong></span> <span class='ocrx_word' id='word_1_97' title='bbox 646 1761 730 1824; x_wconf 89' lang='lat' dir='ltr'><strong>viam</strong></span> <span class='ocrx_word' id='word_1_98' title='bbox 758 1780 778 1824; x_wconf 89' lang='lat' dir='ltr'><strong>a</strong></span> <span class='ocrx_word' id='word_1_99' title='bbox 804 1760 868 1825; x_wconf 81' lang='lat' dir='ltr'><strong>suis</strong></span> <span class='ocrx_word' id='word_1_100' title='bbox 895 1759 1010 1824; x_wconf 86' lang='lat' dir='ltr'><strong>linibus</strong></span> <span class='ocrx_word' id='word_1_101' title='bbox 1037 1759 1214 1844; x_wconf 78' lang='lat' dir='ltr'><strong>proiecisse.</strong></span> <span class='ocrx_word' id='word_1_102' title='bbox 1254 1759 1286 1848; x_wconf 89' lang='lat' dir='ltr'><strong>id</strong></span> 
     </span>
    </p>

    <p class='ocr_par' dir='ltr' id='par_1_10' title="bbox 154 1862 1286 1948">
     <span class='ocr_line' id='line_1_16' title="bbox 154 1862 1286 1948; baseline 0.003 -24"><span class='ocrx_word' id='word_1_103' title='bbox 154 1917 157 1924; x_wconf 91' lang='lat'>.</span> <span class='ocrx_word' id='word_1_104' title='bbox 257 1884 297 1930; x_wconf 92' lang='lat' dir='ltr'><strong>ue</strong></span> <span class='ocrx_word' id='word_1_105' title='bbox 312 1864 476 1948; x_wconf 89' lang='lat' dir='ltr'><strong>accideret,</strong></span> <span class='ocrx_word' id='word_1_106' title='bbox 497 1884 687 1948; x_wconf 83' lang='lat' dir='ltr'><strong>magnopere</strong></span> <span class='ocrx_word' id='word_1_107' title='bbox 707 1863 766 1929; x_wconf 90' lang='lat' dir='ltr'><strong>sibi</strong></span> <span class='ocrx_word' id='word_1_108' title='bbox 782 1862 1034 1948; x_wconf 88' lang='lat' dir='ltr'><strong>praecavendum</strong></span> <span class='ocrx_word' id='word_1_109' title='bbox 1051 1863 1167 1929; x_wconf 82' lang='lat' dir='ltr'><strong>Caesar</strong></span> <span class='ocrx_word' id='word_1_110' title='bbox 1183 1864 1286 1928; x_wconf 84' lang='lat' dir='ltr'><strong>existi-</strong></span> 
     </span>
    </p>

    <p class='ocr_par' dir='ltr' id='par_1_11' title="bbox 223 1965 1286 2050">
     <span class='ocr_line' id='line_1_17' title="bbox 223 1965 1286 2050; baseline -0.004 -16"><span class='ocrx_word' id='word_1_111' title='bbox 223 1967 374 2036; x_wconf 84' lang='lat' dir='ltr'><strong>amabat.</strong></span> <span class='ocrx_word' id='word_1_112' title='bbox 424 1987 560 2050; x_wconf 89' lang='lat' dir='ltr'><strong>namque</strong></span> <span class='ocrx_word' id='word_1_113' title='bbox 586 1967 724 2032; x_wconf 91' lang='lat' dir='ltr'><strong>omnium</strong></span> <span class='ocrx_word' id='word_1_114' title='bbox 751 1987 867 2050; x_wconf 89' lang='lat' dir='ltr'><strong>rerum,</strong></span> <span class='ocrx_word' id='word_1_115' title='bbox 899 1987 979 2049; x_wconf 90' lang='lat' dir='ltr'><strong>quae</strong></span> <span class='ocrx_word' id='word_1_116' title='bbox 1005 1965 1046 2030; x_wconf 86' lang='lat' dir='ltr'><strong>ad</strong></span> <span class='ocrx_word' id='word_1_117' title='bbox 1074 1967 1189 2031; x_wconf 90' lang='lat' dir='ltr'><strong>bellum</strong></span> <span class='ocrx_word' id='word_1_118' title='bbox 1217 1968 1286 2031; x_wconf 90' lang='lat' dir='ltr'><strong>usui</strong></span> 
     </span>
    </p>

    <p class='ocr_par' dir='ltr' id='par_1_12' title="bbox 223 2069 1335 2876">
     <span class='ocr_line' id='line_1_18' title="bbox 223 2069 1289 2154; baseline -0.005 -16"><span class='ocrx_word' id='word_1_119' title='bbox 223 2078 356 2153; x_wconf 71' lang='lat' dir='ltr'><strong>serant,</strong></span> <span class='ocrx_word' id='word_1_120' title='bbox 384 2091 506 2135; x_wconf 88' lang='lat' dir='ltr'><strong>summa</strong></span> <span class='ocrx_word' id='word_1_121' title='bbox 529 2076 594 2133; x_wconf 88' lang='lat' dir='ltr'><strong>erat</strong></span> <span class='ocrx_word' id='word_1_122' title='bbox 621 2069 651 2132; x_wconf 92' lang='lat' dir='ltr'><strong>iu</strong></span> <span class='ocrx_word' id='word_1_123' title='bbox 682 2089 718 2134; x_wconf 91' lang='lat' dir='ltr'><strong>eo</strong></span> <span class='ocrx_word' id='word_1_124' title='bbox 745 2069 860 2154; x_wconf 94' lang='lat' dir='ltr'><strong>oppido</strong></span> <span class='ocrx_word' id='word_1_125' title='bbox 882 2069 1025 2152; x_wconf 78' lang='lat' dir='ltr'><strong>facultas,</strong></span> <span class='ocrx_word' id='word_1_126' title='bbox 1054 2069 1149 2153; x_wconf 91' lang='lat' dir='ltr'><strong>idque</strong></span> <span class='ocrx_word' id='word_1_127' title='bbox 1175 2075 1289 2135; x_wconf 87' lang='lat' dir='ltr'><strong>natura</strong></span> 
     </span>
     <span class='ocr_line' id='line_1_19' title="bbox 257 2172 1286 2255; baseline 0 -17"><span class='ocrx_word' id='word_1_128' title='bbox 257 2173 315 2238; x_wconf 90' lang='lat' dir='ltr'><strong>loci</strong></span> <span class='ocrx_word' id='word_1_129' title='bbox 343 2173 389 2238; x_wconf 88' lang='lat' dir='ltr'><strong>sic</strong></span> <span class='ocrx_word' id='word_1_130' title='bbox 415 2173 625 2252; x_wconf 87' lang='lat' dir='ltr'><strong>muniebatur,</strong></span> <span class='ocrx_word' id='word_1_131' title='bbox 656 2179 690 2236; x_wconf 91' lang='lat' dir='ltr'><strong>ut</strong></span> <span class='ocrx_word' id='word_1_132' title='bbox 720 2193 866 2255; x_wconf 84' lang='lat' dir='ltr'><strong>magnam</strong></span> <span class='ocrx_word' id='word_1_133' title='bbox 897 2172 939 2237; x_wconf 85' lang='lat' dir='ltr'><strong>ad</strong></span> <span class='ocrx_word' id='word_1_134' title='bbox 966 2173 1143 2238; x_wconf 90' lang='lat' dir='ltr'><strong>ducendum</strong></span> <span class='ocrx_word' id='word_1_135' title='bbox 1170 2173 1286 2238; x_wconf 90' lang='lat' dir='ltr'><strong>bellum</strong></span> 
     </span>
     <span class='ocr_line' id='line_1_20' title="bbox 258 2269 1335 2359; baseline -0.001 -18"><span class='ocrx_word' id='word_1_136' title='bbox 258 2275 346 2341; x_wconf 90' lang='lat' dir='ltr'><strong>daret</strong></span> <span class='ocrx_word' id='word_1_137' title='bbox 368 2275 558 2359; x_wconf 86' lang='lat' dir='ltr'><strong>facultatem,</strong></span> <span class='ocrx_word' id='word_1_138' title='bbox 582 2283 746 2359; x_wconf 90' lang='lat' dir='ltr'><strong>propterea</strong></span> <span class='ocrx_word' id='word_1_139' title='bbox 768 2275 850 2357; x_wconf 94' lang='lat' dir='ltr'><strong>qnod</strong></span> <span class='ocrx_word' id='word_1_140' title='bbox 870 2275 986 2342; x_wconf 90' lang='lat' dir='ltr'><strong>flumen</strong></span> <span class='ocrx_word' id='word_1_141' title='bbox 1002 2277 1104 2342; x_wconf 90' lang='lat' dir='ltr'><strong>Dubis</strong></span> <span class='ocrx_word' id='word_1_142' title='bbox 1123 2283 1157 2341; x_wconf 92' lang='lat' dir='ltr'><strong>ut</strong></span> <span class='ocrx_word' id='word_1_143' title='bbox 1172 2277 1289 2341; x_wconf 87' lang='lat' dir='ltr'><strong>circino</strong></span> <span class='ocrx_word' id='word_1_144' title='bbox 1331 2269 1335 2276; x_wconf 80' lang='grc'><strong>’</strong></span> 
     </span>
     <span class='ocr_line' id='line_1_21' title="bbox 223 2377 1286 2464; baseline -0.006 -16"><span class='ocrx_word' id='word_1_145' title='bbox 223 2378 501 2450; x_wconf 83' lang='lat' dir='ltr'><strong>acircumductum</strong></span> <span class='ocrx_word' id='word_1_146' title='bbox 535 2398 637 2463; x_wconf 89' lang='lat' dir='ltr'><strong>paene</strong></span> <span class='ocrx_word' id='word_1_147' title='bbox 671 2385 767 2442; x_wconf 92' lang='lat' dir='ltr'><strong>totum</strong></span> <span class='ocrx_word' id='word_1_148' title='bbox 802 2377 951 2463; x_wconf 91' lang='lat' dir='ltr'><strong>oppidum</strong></span> <span class='ocrx_word' id='word_1_149' title='bbox 986 2380 1098 2464; x_wconf 86' lang='lat' dir='ltr'><strong>cingit;</strong></span> <span class='ocrx_word' id='word_1_150' title='bbox 1133 2379 1286 2461; x_wconf 87' lang='lat' dir='ltr'><strong>reliquum</strong></span> 
     </span>
     <span class='ocr_line' id='line_1_22' title="bbox 258 2481 1287 2567; baseline -0.003 -19"><span class='ocrx_word' id='word_1_151' title='bbox 258 2482 404 2567; x_wconf 91' lang='lat' dir='ltr'><strong>spatium,</strong></span> <span class='ocrx_word' id='word_1_152' title='bbox 424 2481 507 2565; x_wconf 91' lang='lat' dir='ltr'><strong>qnod</strong></span> <span class='ocrx_word' id='word_1_153' title='bbox 527 2488 575 2547; x_wconf 89' lang='lat' dir='ltr'><strong>est</strong></span> <span class='ocrx_word' id='word_1_154' title='bbox 594 2503 654 2547; x_wconf 91' lang='lat' dir='ltr'><strong>non</strong></span> <span class='ocrx_word' id='word_1_155' title='bbox 675 2481 810 2566; x_wconf 87' lang='lat' dir='ltr'><strong>amplius</strong></span> <span class='ocrx_word' id='word_1_156' title='bbox 825 2481 940 2566; x_wconf 92' lang='lat' dir='ltr'><strong>pedum</strong></span> <span class='ocrx_word' id='word_1_157' title='bbox 957 2483 1041 2547; x_wconf 89' lang='lat' dir='ltr'><strong>mille</strong></span> <span class='ocrx_word' id='word_1_158' title='bbox 1057 2488 1287 2564; x_wconf 85' lang='lat' dir='ltr'><strong>sexcentomm,</strong></span> 
     </span>
     <span class='ocr_line' id='line_1_23' title="bbox 258 2583 1287 2670; baseline -0.004 -19"><span class='ocrx_word' id='word_1_159' title='bbox 258 2607 320 2670; x_wconf 86' lang='lat' dir='ltr'><strong>qua</strong></span> <span class='ocrx_word' id='word_1_160' title='bbox 342 2585 457 2651; x_wconf 90' lang='lat' dir='ltr'><strong>flumen</strong></span> <span class='ocrx_word' id='word_1_161' title='bbox 480 2583 666 2666; x_wconf 89' lang='lat' dir='ltr'><strong>intermittit,</strong></span> <span class='ocrx_word' id='word_1_162' title='bbox 695 2605 784 2649; x_wconf 90' lang='lat' dir='ltr'><strong>mons</strong></span> <span class='ocrx_word' id='word_1_163' title='bbox 812 2585 950 2650; x_wconf 91' lang='lat' dir='ltr'><strong>continet</strong></span> <span class='ocrx_word' id='word_1_164' title='bbox 973 2606 1089 2668; x_wconf 82' lang='lat' dir='ltr'><strong>magna</strong></span> <span class='ocrx_word' id='word_1_165' title='bbox 1110 2584 1287 2667; x_wconf 83' lang='lat' dir='ltr'><strong>altitudine,</strong></span> 
     </span>
     <span class='ocr_line' id='line_1_24' title="bbox 257 2687 1288 2772; baseline -0.005 -16"><span class='ocrx_word' id='word_1_166' title='bbox 257 2692 302 2756; x_wconf 89' lang='lat' dir='ltr'><strong>ita</strong></span> <span class='ocrx_word' id='word_1_167' title='bbox 315 2696 350 2755; x_wconf 91' lang='lat' dir='ltr'><strong>ut</strong></span> <span class='ocrx_word' id='word_1_168' title='bbox 363 2689 485 2755; x_wconf 87' lang='lat' dir='ltr'><strong>radices</strong></span> <span class='ocrx_word' id='word_1_169' title='bbox 504 2688 619 2753; x_wconf 88' lang='lat' dir='ltr'><strong>montis</strong></span> <span class='ocrx_word' id='word_1_170' title='bbox 634 2708 673 2752; x_wconf 85' lang='lat' dir='ltr'><strong>ex</strong></span> <span class='ocrx_word' id='word_1_171' title='bbox 694 2695 825 2770; x_wconf 89' lang='lat' dir='ltr'><strong>utraque</strong></span> <span class='ocrx_word' id='word_1_172' title='bbox 845 2696 933 2772; x_wconf 90' lang='lat' dir='ltr'><strong>parte</strong></span> <span class='ocrx_word' id='word_1_173' title='bbox 952 2690 1039 2772; x_wconf 89' lang='lat' dir='ltr'><strong>ripae</strong></span> <span class='ocrx_word' id='word_1_174' title='bbox 1060 2687 1197 2753; x_wconf 89' lang='lat' dir='ltr'><strong>fluminis</strong></span> <span class='ocrx_word' id='word_1_175' title='bbox 1217 2708 1288 2752; x_wconf 89' lang='lat' dir='ltr'><strong>con-</strong></span> 
     </span>
     <span class='ocr_line' id='line_1_25' title="bbox 224 2789 1286 2876; baseline -0.007 -15"><span class='ocrx_word' id='word_1_176' title='bbox 224 2794 391 2876; x_wconf 84' lang='lat' dir='ltr'><strong>ctingant.</strong></span> <span class='ocrx_word' id='word_1_177' title='bbox 435 2791 519 2856; x_wconf 91' lang='lat' dir='ltr'><strong>bunc</strong></span> <span class='ocrx_word' id='word_1_178' title='bbox 545 2811 651 2856; x_wconf 88' lang='lat' dir='ltr'><strong>murus</strong></span> <span class='ocrx_word' id='word_1_179' title='bbox 678 2789 886 2856; x_wconf 89' lang='lat' dir='ltr'><strong>circumdatus</strong></span> <span class='ocrx_word' id='word_1_180' title='bbox 912 2811 1015 2856; x_wconf 88' lang='lat' dir='ltr'><strong>arcem</strong></span> <span class='ocrx_word' id='word_1_181' title='bbox 1044 2789 1140 2856; x_wconf 88' lang='lat' dir='ltr'><strong>efficit</strong></span> <span class='ocrx_word' id='word_1_182' title='bbox 1162 2797 1286 2855; x_wconf 89' lang='lat' dir='ltr'><strong>etcum</strong></span> 
     </span>
    </p>

    <p class='ocr_par' dir='ltr' id='par_1_13' title="bbox 224 2893 1287 3166">
     <span class='ocr_line' id='line_1_26' title="bbox 224 2893 1287 2981; baseline -0.005 -18"><span class='ocrx_word' id='word_1_183' title='bbox 224 2917 238 2964; x_wconf 79' lang='lat' dir='ltr'><strong>r</strong></span> <span class='ocrx_word' id='word_1_184' title='bbox 257 2894 372 2981; x_wconf 92' lang='lat' dir='ltr'><strong>oppido</strong></span> <span class='ocrx_word' id='word_1_185' title='bbox 394 2893 563 2978; x_wconf 86' lang='lat' dir='ltr'><strong>coniungit.</strong></span> <span class='ocrx_word' id='word_1_186' title='bbox 608 2893 668 2958; x_wconf 91' lang='lat' dir='ltr'><strong>huc</strong></span> <span class='ocrx_word' id='word_1_187' title='bbox 692 2893 807 2958; x_wconf 85' lang='lat' dir='ltr'><strong>Caesar</strong></span> <span class='ocrx_word' id='word_1_188' title='bbox 829 2893 953 2978; x_wconf 82' lang='lat' dir='ltr'><strong>magnis</strong></span> <span class='ocrx_word' id='word_1_189' title='bbox 975 2893 1287 2972; x_wconf 88' lang='lat' dir='ltr'><strong>nocturnisdiumis-</strong></span> 
     </span>
     <span class='ocr_line' id='line_1_27' title="bbox 258 2996 1287 3082; baseline -0.004 -18"><span class='ocrx_word' id='word_1_190' title='bbox 258 3019 318 3082; x_wconf 92' lang='lat' dir='ltr'><strong>que</strong></span> <span class='ocrx_word' id='word_1_191' title='bbox 351 2997 515 3062; x_wconf 88' lang='lat' dir='ltr'><strong>itineribus</strong></span> <span class='ocrx_word' id='word_1_192' title='bbox 548 2996 708 3060; x_wconf 85' lang='lat' dir='ltr'><strong>contendit</strong></span> <span class='ocrx_word' id='word_1_193' title='bbox 737 3002 950 3079; x_wconf 89' lang='lat' dir='ltr'><strong>occupatoque</strong></span> <span class='ocrx_word' id='word_1_194' title='bbox 980 2997 1095 3080; x_wconf 90' lang='lat' dir='ltr'><strong>oppido</strong></span> <span class='ocrx_word' id='word_1_195' title='bbox 1125 2996 1168 3060; x_wconf 94' lang='lat' dir='ltr'><strong>ibi</strong></span> <span class='ocrx_word' id='word_1_196' title='bbox 1200 3016 1287 3080; x_wconf 89' lang='lat' dir='ltr'><strong>prae-</strong></span> 
     </span>
     <span class='ocr_line' id='line_1_28' title="bbox 257 3079 1146 3166; baseline -0.016 0"><span class='ocrx_word' id='word_1_197' title='bbox 257 3101 370 3166; x_wconf 90' lang='lat' dir='ltr'><strong>sidinm</strong></span> <span class='ocrx_word' id='word_1_198' title='bbox 394 3100 531 3164; x_wconf 86' lang='lat' dir='ltr'><strong>collocat.</strong></span> <span class='ocrx_word' id='word_1_199' title='bbox 1141 3079 1146 3092; x_wconf 81' lang='grc'>’</span> 
     </span>
    </p>

    <p class='ocr_par' dir='ltr' id='par_1_14' title="bbox 225 3189 1331 3903">
     <span class='ocr_line' id='line_1_29' title="bbox 225 3189 1287 3286; baseline -0.006 -14"><span class='ocrx_word' id='word_1_200' title='bbox 225 3228 237 3272; x_wconf 84' lang='grc'>1</span> <span class='ocrx_word' id='word_1_201' title='bbox 360 3202 512 3267; x_wconf 89' lang='lat' dir='ltr'>XXXIX.</span> <span class='ocrx_word' id='word_1_202' title='bbox 528 3203 610 3266; x_wconf 90' lang='lat' dir='ltr'><strong>Dum</strong></span> <span class='ocrx_word' id='word_1_203' title='bbox 631 3223 746 3286; x_wconf 90' lang='lat' dir='ltr'><strong>paucos</strong></span> <span class='ocrx_word' id='word_1_204' title='bbox 769 3201 836 3267; x_wconf 94' lang='lat' dir='ltr'><strong>dies</strong></span> <span class='ocrx_word' id='word_1_205' title='bbox 858 3202 899 3266; x_wconf 89' lang='lat' dir='ltr'><strong>ad</strong></span> <span class='ocrx_word' id='word_1_206' title='bbox 914 3189 1136 3268; x_wconf 86' lang='lat' dir='ltr'><strong>Vesontionem</strong></span> <span class='ocrx_word' id='word_1_207' title='bbox 1159 3203 1203 3267; x_wconf 88' lang='lat' dir='ltr'><strong>rei</strong></span> <span class='ocrx_word' id='word_1_208' title='bbox 1225 3201 1287 3266; x_wconf 86' lang='lat' dir='ltr'><strong>sm-</strong></span> 
     </span>
     <span class='ocr_line' id='line_1_30' title="bbox 257 3306 1331 3391; baseline -0.003 -19"><span class='ocrx_word' id='word_1_209' title='bbox 257 3306 430 3372; x_wconf 85' lang='lat' dir='ltr'><strong>mentariae</strong></span> <span class='ocrx_word' id='word_1_210' title='bbox 459 3311 711 3387; x_wconf 88' lang='lat' dir='ltr'><strong>commeatusque</strong></span> <span class='ocrx_word' id='word_1_211' title='bbox 745 3327 839 3371; x_wconf 87' lang='lat' dir='ltr'><strong>causa</strong></span> <span class='ocrx_word' id='word_1_212' title='bbox 872 3312 1021 3388; x_wconf 91' lang='lat' dir='ltr'><strong>moratur,</strong></span> <span class='ocrx_word' id='word_1_213' title='bbox 1057 3326 1097 3370; x_wconf 83' lang='lat' dir='ltr'><strong>ex</strong></span> <span class='ocrx_word' id='word_1_214' title='bbox 1126 3313 1287 3391; x_wconf 90' lang='lat' dir='ltr'><strong>perconta-</strong></span> <span class='ocrx_word' id='word_1_215' title='bbox 1329 3363 1331 3368; x_wconf 93' lang='lat'><em>.</em></span> 
     </span>
     <span class='ocr_line' id='line_1_31' title="bbox 257 3409 1286 3492; baseline -0.001 -17"><span class='ocrx_word' id='word_1_216' title='bbox 257 3411 341 3476; x_wconf 90' lang='lat' dir='ltr'><strong>tione</strong></span> <span class='ocrx_word' id='word_1_217' title='bbox 374 3415 547 3476; x_wconf 89' lang='lat' dir='ltr'><strong>nostrorum</strong></span> <span class='ocrx_word' id='word_1_218' title='bbox 582 3409 772 3492; x_wconf 88' lang='lat' dir='ltr'><strong>vocibusque</strong></span> <span class='ocrx_word' id='word_1_219' title='bbox 806 3409 963 3474; x_wconf 84' lang='lat' dir='ltr'><strong>Gallorum</strong></span> <span class='ocrx_word' id='word_1_220' title='bbox 997 3429 1035 3473; x_wconf 89' lang='lat' dir='ltr'><strong>ac</strong></span> <span class='ocrx_word' id='word_1_221' title='bbox 1068 3415 1286 3492; x_wconf 87' lang='lat' dir='ltr'><strong>mercatomm,</strong></span> 
     </span>
     <span class='ocr_line' id='line_1_32' title="bbox 259 3511 1286 3598; baseline -0.002 -20"><span class='ocrx_word' id='word_1_222' title='bbox 259 3515 310 3596; x_wconf 91' lang='lat' dir='ltr'><strong>qui</strong></span> <span class='ocrx_word' id='word_1_223' title='bbox 333 3513 454 3598; x_wconf 84' lang='lat' dir='ltr'><strong>ingenti</strong></span> <span class='ocrx_word' id='word_1_224' title='bbox 476 3511 693 3596; x_wconf 81' lang='lat' dir='ltr'><strong>magnitudine</strong></span> <span class='ocrx_word' id='word_1_225' title='bbox 716 3533 876 3596; x_wconf 87' lang='lat' dir='ltr'><strong>corporum</strong></span> <span class='ocrx_word' id='word_1_226' title='bbox 900 3513 1083 3596; x_wconf 84' lang='lat' dir='ltr'><strong>Germanos,</strong></span> <span class='ocrx_word' id='word_1_227' title='bbox 1110 3511 1286 3577; x_wconf 89' lang='lat' dir='ltr'><strong>incredibili</strong></span> 
     </span>
     <span class='ocr_line' id='line_1_33' title="bbox 258 3615 1286 3699; baseline -0.002 -17"><span class='ocrx_word' id='word_1_228' title='bbox 258 3617 372 3682; x_wconf 85' lang='lat' dir='ltr'><strong>virtute</strong></span> <span class='ocrx_word' id='word_1_229' title='bbox 401 3623 496 3698; x_wconf 90' lang='lat' dir='ltr'><strong>atque</strong></span> <span class='ocrx_word' id='word_1_230' title='bbox 525 3615 748 3680; x_wconf 87' lang='lat' dir='ltr'><strong>exercitatione</strong></span> <span class='ocrx_word' id='word_1_231' title='bbox 778 3615 810 3678; x_wconf 91' lang='lat' dir='ltr'><strong>in</strong></span> <span class='ocrx_word' id='word_1_232' title='bbox 840 3616 935 3680; x_wconf 88' lang='lat' dir='ltr'><strong>armis</strong></span> <span class='ocrx_word' id='word_1_233' title='bbox 965 3635 1034 3681; x_wconf 88' lang='lat' dir='ltr'><strong>esse</strong></span> <span class='ocrx_word' id='word_1_234' title='bbox 1060 3615 1286 3699; x_wconf 85' lang='lat' dir='ltr'><strong>praedicabant</strong></span> 
     </span>
     <span class='ocr_line' id='line_1_34' title="bbox 264 3716 1285 3804; baseline -0.004 -20"><span class='ocrx_word' id='word_1_235' title='bbox 264 3757 300 3766; x_wconf 94' lang='lat'>-</span> <span class='ocrx_word' id='word_1_236' title='bbox 315 3738 538 3804; x_wconf 86' lang='lat' dir='ltr'><strong>saepenumero</strong></span> <span class='ocrx_word' id='word_1_237' title='bbox 559 3737 628 3783; x_wconf 88' lang='lat' dir='ltr'><strong>sese</strong></span> <span class='ocrx_word' id='word_1_238' title='bbox 647 3737 717 3781; x_wconf 90' lang='lat' dir='ltr'><strong>cum</strong></span> <span class='ocrx_word' id='word_1_239' title='bbox 739 3716 789 3782; x_wconf 91' lang='lat' dir='ltr'><strong>his</strong></span> <span class='ocrx_word' id='word_1_240' title='bbox 810 3737 993 3801; x_wconf 84' lang='lat' dir='ltr'><strong>congressos</strong></span> <span class='ocrx_word' id='word_1_241' title='bbox 1015 3737 1056 3782; x_wconf 90' lang='lat' dir='ltr'><strong>ne</strong></span> <span class='ocrx_word' id='word_1_242' title='bbox 1078 3719 1198 3781; x_wconf 90' lang='lat' dir='ltr'><strong>vultum</strong></span> <span class='ocrx_word' id='word_1_243' title='bbox 1221 3718 1285 3799; x_wconf 93' lang='lat' dir='ltr'><strong>qui-</strong></span> 
     </span>
     <span class='ocr_line' id='line_1_35' title="bbox 260 3819 1287 3903; baseline -0.004 -19"><span class='ocrx_word' id='word_1_244' title='bbox 260 3819 331 3886; x_wconf 91' lang='lat' dir='ltr'><strong>dem</strong></span> <span class='ocrx_word' id='word_1_245' title='bbox 346 3828 440 3903; x_wconf 87' lang='lat' dir='ltr'><strong>atque</strong></span> <span class='ocrx_word' id='word_1_246' title='bbox 454 3820 554 3885; x_wconf 88' lang='lat' dir='ltr'><strong>aciem</strong></span> <span class='ocrx_word' id='word_1_247' title='bbox 570 3819 726 3884; x_wconf 87' lang='lat' dir='ltr'><strong>oculomm</strong></span> <span class='ocrx_word' id='word_1_248' title='bbox 746 3819 828 3882; x_wconf 86' lang='lat' dir='ltr'><strong>ferre</strong></span> <span class='ocrx_word' id='word_1_249' title='bbox 847 3819 985 3902; x_wconf 88' lang='lat' dir='ltr'><strong>potuisse</strong></span> <span class='ocrx_word' id='word_1_250' title='bbox 999 3857 1042 3866; x_wconf 90' lang='lat'>—</span> <span class='ocrx_word' id='word_1_251' title='bbox 1057 3826 1162 3884; x_wconf 88' lang='lat' dir='ltr'><strong>tantus</strong></span> <span class='ocrx_word' id='word_1_252' title='bbox 1182 3819 1287 3884; x_wconf 87' lang='lat' dir='ltr'><strong>subito</strong></span> 
     </span>
    </p>
   </div>
   <div class='ocr_carea' id='block_1_3' title="bbox 0 0 1472 4192">
    <p class='ocr_par' dir='ltr' id='par_1_15' title="bbox 0 0 1472 4192">
     <span class='ocr_line' id='line_1_36' title="bbox 0 0 1472 4192; baseline 0 0"><span class='ocrx_word' id='word_1_253' title='bbox 0 0 1472 4192; x_wconf 95' lang='lat' dir='ltr'><strong> </strong></span> 
     </span>
    </p>
   </div>
  </div>
 </body>
</html>
