2936 4192
519 215 627 272 could
640 218 677 273 H.
696 217 778 275 cAP.
791 219 875 274 I—V.
1172 205 1214 270 35

181 389 361 473 Gallosque,
385 390 438 473 qui
454 409 492 455 ea
513 390 583 455 loca
601 390 783 476 incolerent,
799 391 959 476 expulisse
973 393 1118 476 solosque
1133 413 1213 478 esse,

181 492 236 576 qui
257 499 382 579 patrum
403 499 579 559 nostrorum
601 493 753 560 memoria
774 494 860 560 omni
880 495 983 562 Gabia
1004 502 1122 564 vexata
1135 497 1248 566 Teu-a

183 603 274 662 tonos
296 595 501 680 Cimbrosque
529 597 613 662 intra
638 595 718 664 fines
740 616 814 663 suos
834 597 959 682 ingredi
980 598 1213 684 prohibuerintz

182 719 245 784 qua
267 719 308 766 ex
329 719 365 764 re
385 699 464 784 fieri,
486 699 534 766 uti
557 720 664 766 earum
685 720 790 766 rerum
808 701 959 766 memoria
981 722 1131 786 magnam
1152 701 1247 770 sibia

181 801 400 868 auctoritatem
421 822 617 888 magnosque
638 803 766 889 spiritus
788 802 821 868 in
842 822 878 870 re
896 803 1023 869 militari
1045 811 1212 872 sumerent.

180 905 223 971 de
258 925 389 972 numero
426 926 534 986 eorum
569 905 676 972 omnia
708 926 744 974 se
776 905 893 972 habere
926 907 1090 992 explorata
1121 907 1213 974 Remi
1231 927 1248 976 t

181 1007 340 1094 dicebant,
369 1015 536 1094 propterea
566 1007 651 1094 quod
678 1009 966 1096 propinquitatibus
994 1009 1214 1076 affinitatibus·

181 1131 243 1196 quc
258 1112 424 1197 coniuncti,
448 1119 599 1196 quantam
613 1112 746 1197 quisque
760 1112 992 1178 multitudinem
1007 1113 1041 1178 in
1056 1113 1214 1178 communi

183 1215 351 1299 Belgarum
366 1215 497 1281 concilio
518 1215 561 1281 ad
579 1216 613 1282 id
627 1216 746 1282 bellum
760 1216 917 1302 pollicitus
932 1216 982 1300 sit,
998 1215 1211 1300 cognoverint.
1304 1211 1305 1214 ’

183 1317 350 1404 plurimum
364 1318 447 1384 inter
462 1337 516 1386 eos
531 1319 715 1386 Bellovacos
738 1325 770 1385 et
784 1319 900 1385 virtute
922 1326 954 1386 et
974 1319 1161 1385 auctoritate
1182 1325 1214 1384 et
1231 1339 1247 1387 a

183 1420 343 1487 hominum
365 1441 496 1486 numero
506 1422 631 1488 'valeret
654 1421 713 1489 hos
734 1441 828 1509 posse
847 1422 1000 1489 conficere
1018 1428 1141 1488 armata
1159 1421 1214 1486 mi·

182 1525 226 1590 lia
254 1530 397 1590 centum:
426 1524 581 1610 pollicitos
610 1545 652 1592 cx
682 1546 719 1592 eo
749 1545 880 1591 numero
913 1525 1014 1591 electa
1046 1525 1215 1610 sexaginta

182 1627 340 1710 totiusque
361 1626 438 1692 belli
459 1627 625 1712 imperium
648 1628 709 1694 sibi
731 1628 899 1713 posttdare.
933 1626 1118 1694 Suessiones
1140 1647 1213 1694 suos
1231 1648 1247 1696 o

183 1750 252 1796 esse
273 1729 438 1815 finitimos;
460 1729 541 1796 fines
562 1731 732 1796 latissimos
751 1730 1023 1812 feracissimosque
1036 1750 1131 1814 agros
1144 1750 1213 1815 pos-

183 1833 294 1900 sidere.
338 1832 423 1919 apud
454 1853 508 1899 eos
536 1833 634 1899 fuisse
662 1853 771 1917 regem
800 1839 908 1900 nostra
937 1833 1033 1898 etiam
1063 1833 1246 1903 memoria?

182 1937 395 2018 Deviciacum‚
422 1937 518 2003 totius
540 1936 661 2003 Galliae
682 1936 943 2022 potentissimum,
973 1935 1028 2020 qui
1054 1955 1125 2002 cum
1150 1957 1214 2002 ma

182 2060 265 2125 gnae
291 2041 390 2126 partis
416 2039 527 2105 harum
549 2039 723 2125 regionum,
746 2045 813 2104 tum
836 2039 932 2104 etiam
953 2039 1137 2105 Britanniae
1158 2039 1213 2104 im-

182 2143 304 2229 perium
331 2141 515 2228 obtinuerit;
542 2163 627 2208 nunc
653 2161 722 2208 esse
748 2162 856 2228 regem
884 2142 1032 2208 Galbamr
1061 2141 1214 2208 adhunc
1344 2141 1346 2146 ’
1410 2167 1413 2175 ·

182 2246 309 2332 propter
343 2245 495 2312 iustitiam
527 2245 790 2331 prudentiamque
822 2265 978 2312 summam
1011 2247 1106 2312 totius
1138 2245 1214 2312 belli

183 2349 322 2415 omnium
344 2349 507 2415 voluntate
536 2348 667 2434 deferri3
697 2348 814 2434 oppida
842 2348 960 2414 habere
986 2369 1116 2414 numero
1139 2350 1212 2433 XII,

183 2451 322 2536 polliceri
343 2452 431 2517 milia
451 2457 574 2517 armata
588 2451 831 2536 quinquaginta3
854 2451 984 2517 totidem
1000 2452 1144 2535 Nervios,
1160 2453 1214 2537 qui
1231 2473 1248 2522 a

184 2555 323 2620 maxime
344 2554 404 2620 feri
425 2555 508 2620 inter
528 2555 614 2640 ipsos
628 2553 805 2619 habeantur
825 2553 1070 2638 longissimeque
1092 2555 1213 2640 absint;

184 2656 362 2742 quindecim
389 2658 476 2723 milia
496 2658 674 2741 Atrebates,
700 2657 874 2722 Ambianos
901 2656 1011 2736 decem
1032 2656 1128 2738 milia,
1151 2657 1247 2725 Moe

184 2761 269 2827 rinos
290 2761 383 2826 XXV
405 2761 501 2844 milia,
524 2761 687 2845 Menapios
708 2761 770 2826 VH
792 2759 888 2843 milia,
912 2759 1038 2845 Caletos
1058 2759 1091 2824 X
1117 2759 1212 2844 milia,

184 2863 382 2930 Veliocasses
413 2869 445 2929 et
466 2862 696 2930 Viromanduos
725 2862 866 2948 totidem,
892 2862 1074 2928 Aduatucos
1103 2860 1214 2928 decem

185 2973 217 3032 et
237 2986 354 3033 novem
368 2966 470 3051 milia;
494 2966 682 3050 Condrusos,
698 2967 871 3048 Eburones,
888 2966 1069 3048 (laeroesos,
1085 2953 1213 3032 Paema
1233 2987 1265 3035 1o

184 3089 251 3156 nos,
279 3070 334 3154 qui
359 3089 423 3134 uno
449 3069 577 3134 nomine
600 3070 749 3134 Germani
771 3069 978 3154 appellantur,
1005 3068 1150 3133 arbitrari
1172 3068 1215 3133 ad

184 3172 242 3238 XL
264 3172 360 3239 milia.
1176 3243 1179 3250 ,

286 3276 325 3342 V.
353 3276 470 3343 Cacsar
490 3277 606 3342 Remos
621 3274 799 3340 cohortatus
820 3275 1052 3356 liberaliterque
1073 3274 1214 3340 oratione
1234 3297 1245 3342 1

185 3385 368 3463 prosecutus
389 3399 516 3444 omnem
537 3384 682 3444 senatum
704 3377 746 3444 ad
772 3398 807 3444 se
834 3378 1002 3444 convenire
1027 3377 1214 3461 principum-

59 3517 61 3520 ·
185 3501 246 3566 que
267 3482 383 3548 hberos
405 3480 530 3547 obsides
551 3480 594 3546 ad
615 3501 650 3547 se
672 3480 787 3546 adduci
808 3481 907 3547 iussit.
942 3501 1023 3565 quae
1045 3481 1152 3546 omnia
1172 3482 1213 3545 ab

185 3584 233 3651 his
248 3585 416 3670 diligenter
429 3583 472 3650 ad
487 3584 571 3650 diem
585 3584 670 3650 facta
684 3591 766 3651 sunt.
786 3584 855 3669 ipse
866 3584 1058 3649 Divitiacum
1068 3583 1214 3648 Aeduum
1233 3605 1248 3652 a

185 3707 377 3773 magnopere
404 3687 583 3753 cohortatus
608 3686 709 3771 docet,
737 3693 854 3770 quanto
881 3706 975 3771 opere
1002 3685 1214 3770 reipublicae
1281 3759 1285 3765 ,

186 3791 421 3874 communisque
450 3789 561 3856 salutis
580 3787 721 3874 intersit,
752 3808 864 3854 manus
895 3788 1031 3853 hostium
1062 3787 1213 3870 distineri,

1027 3889 1059 3938 3*
