2966 4196
263 194 303 257 86
593 207 644 261 DE
661 207 777 262 BELLO
795 207 956 262 GALLICO

228 386 453 465 egererentur,
476 379 622 446 ostendit.
667 385 702 444 at
722 378 955 445 Indutiomarus
978 379 1151 463 equitatum
1173 377 1295 464 pedita·

262 493 389 566 tumque
420 501 531 566 eogere
560 483 670 567 iisque,
701 482 754 565 qui
783 501 841 566 per
869 487 1007 547 aetatem
1036 482 1069 547 in
1099 481 1195 547 armis
1223 500 1294 548 esse

261 606 324 652 non
348 592 526 670 poterant,
565 586 598 650 in
636 586 748 651 silvam
788 585 993 651 Arduennam
1033 585 1166 670 abditis,
1213 604 1293 669 quae

261 689 383 773 ingenti
415 687 631 772 magnitudine
668 709 725 772 per
761 688 881 753 medios
917 687 997 754 fines
1030 689 1237 754 Treverorum
1272 707 1294 754 a

261 791 389 856 flumine
422 790 533 856 Rheno
565 789 607 855 ad
636 791 760 855 initium
789 791 958 856 Remorum
990 791 1142 875 pertinet,
1176 791 1293 856 bellurn

228 914 373 979 sparare
401 893 542 958 instituit.
574 892 631 959 sed
660 898 864 977 posteaquam
893 893 1036 957 nonnulli
1064 893 1223 977 principes
1251 912 1294 958 ex

262 1018 300 1062 ea
322 997 450 1062 civitate
480 1002 512 1062 et
540 995 754 1062 familiaritate
785 995 995 1080 Cingetorigis
1023 994 1151 1060 adducti
1181 1002 1213 1061 et
1241 995 1294 1060 ad·

261 1105 360 1164 ventu
373 1127 375 1132 ·
388 1098 487 1164 nostri
509 1097 665 1163 exercitus
693 1098 850 1182 perteniti
878 1097 920 1162 ad
950 1099 1117 1165 Gaesarem
1139 1104 1295 1163 venerunt

262 1209 294 1267 et
322 1201 363 1266 de
385 1201 451 1266 suis
472 1200 621 1284 privatim
643 1201 736 1266 rebus
758 1201 799 1265 ab
823 1220 860 1265 eo
882 1207 991 1284 petere
1017 1206 1197 1286 coeperunt,
1221 1220 1294 1284 quo

261 1305 348 1369 niam
381 1303 502 1369 civitati
534 1303 695 1368 consulere
730 1323 794 1368 non
827 1309 971 1388 possent,
1004 1303 1137 1388 veritus,
1175 1323 1216 1368 ne
1252 1304 1294 1368 ab

263 1407 408 1472 omnibus
430 1405 634 1489 desereretur,
656 1404 887 1471 Indutiomarus
909 1406 1031 1489 legatos
1053 1406 1094 1470 ad
1125 1407 1293 1472 Caesarem

230 1509 372 1578 emittit:
406 1527 477 1574 sese
509 1508 625 1573 ideirco
657 1509 698 1573 ab
732 1509 797 1574 suis
827 1507 989 1574 discedere
1018 1515 1114 1591 atque
1146 1509 1189 1574 ad
1223 1530 1295 1575 eum

262 1612 371 1677 venire
403 1611 550 1695 noluisse,
584 1631 645 1694 quo
677 1610 800 1676 facilius
833 1611 993 1678 civitatem
1025 1612 1059 1676 in
1092 1611 1195 1678 officio
1225 1633 1295 1678 corr·

263 1717 385 1800 tineret,
416 1734 457 1780 ne
486 1714 588 1780 omnis
609 1713 782 1779 nobilitatis
811 1712 951 1780 discessu
973 1715 1063 1800 plebs
1090 1721 1218 1799 propter
1239 1716 1295 1780 im·

231 1817 463 1903 rprudentiam
485 1817 655 1901 laberetur;
685 1817 792 1900 itaque
822 1836 891 1883 esse
922 1817 1082 1883 civitatem
1107 1818 1140 1882 in
1163 1837 1221 1884 sna
1242 1838 1295 1903 po

263 1927 386 2006 testate,
410 1939 552 2003 seseque,
582 1919 610 1986 si
632 1919 749 1986 Caesar
777 1920 981 2004 permitteret,
1011 1919 1053 1985 ad
1082 1940 1155 1986 eum
1183 1921 1217 1986 in
1247 1941 1296 1986 oa

263 2031 329 2090 stra
356 2029 532 2107 venturum,
563 2041 637 2088 suas
660 2022 857 2104 civitatisque
879 2021 1021 2088 fortunas
1043 2023 1110 2088 eius
1131 2023 1206 2088 fidei
1228 2045 1296 2108 per·

263 2127 441 2190 missunrm.

233 2252 244 2298 r
366 2228 421 2293 IV.
466 2227 592 2312 camur,
623 2226 683 2292 etsi
710 2227 929 2310 intellegebat,
963 2248 1026 2311 qua
1058 2228 1099 2294 de
1132 2249 1228 2296 causa
1257 2249 1296 2296 ea

264 2331 443 2415 dicerentur
465 2349 608 2414 quaeque
631 2348 702 2396 eum
723 2349 775 2396 res
796 2331 837 2396 ab
866 2331 1010 2396 instituto
1038 2331 1166 2398 consilio
1196 2331 1296 2398 deter-

264 2439 356 2518 reret,
386 2439 502 2518 tomen,
532 2452 574 2498 ne
595 2438 748 2521 aestatem
777 2433 811 2498 in
832 2434 978 2500 treveris
1000 2453 1184 2501 consumere
1207 2455 1296 2520 coge-

264 2544 350 2603 retur
371 2535 516 2602 omnibus
538 2535 581 2601 ad
601 2536 819 2602 Britannicum
840 2536 958 2602 bellurn
979 2537 1073 2602 rebus
1096 2539 1294 2624 comparatis,

230 2663 246 2710 a
265 2640 513 2706 Indutiomarum
534 2637 577 2704 ad
598 2658 633 2704 se
649 2658 720 2704 cum
740 2639 792 2706 OO
815 2639 977 2706 obsidibus
992 2640 1101 2706 venire
1123 2640 1221 2706 iussit.
1245 2641 1296 2707 bis

265 2744 419 2830 adductis,
449 2743 483 2808 in
511 2742 551 2808 iis
580 2741 644 2808 filio
673 2743 918 2827 propinquisque
941 2743 1008 2808 eius
1030 2744 1186 2828 omnibus,
1217 2764 1296 2827 quos

265 2847 451 2914 nominatim
474 2851 670 2930 evocaverat,
687 2845 864 2912 consolatus
878 2845 1126 2912 Indutiomarum
1142 2846 1295 2914 hortatus

233 2971 327 3034 sque
350 2956 407 3035 est,
429 2950 476 3014 uti
497 2949 531 3014 in
553 2947 657 3014 officio
679 2954 834 3033 maneret;
858 2947 955 3013 nihilo
970 2955 1075 3014 tamen
1092 2950 1194 3016 secius
1213 2951 1296 3034 prin-

267 3055 387 3138 cipibus
419 3054 626 3119 Treverorum
662 3050 705 3116 ad
738 3070 773 3116 se
806 3051 984 3118 convocatis
1017 3051 1076 3118 lros
1112 3053 1296 3136 singillatim

267 3155 459 3239 Cingetorigi
489 3153 676 3238 conciliavit,
706 3152 789 3237 quod
812 3173 883 3218 oum
905 3155 1015 3220 merito
1039 3155 1106 3221 eius
1127 3175 1148 3220 a
1170 3175 1206 3222 se
1227 3156 1296 3222 fieri

266 3253 478 3342 intellegebat,
500 3263 567 3322 tum
589 3257 696 3341 magni
718 3257 871 3322 interesse
892 3257 1112 3342 arbitrabatur,
1136 3258 1204 3325 eius
1224 3279 1296 3324 auc

265 3361 423 3426 toritatem
452 3359 534 3423 inter
564 3379 637 3425 suos
666 3380 761 3443 quam
791 3359 959 3444 plurimum
981 3360 1097 3445 valere,
1121 3361 1209 3427 euius
1231 3368 1295 3427 tarn

233 3486 248 3533 r
267 3463 427 3549 egregiam
449 3462 482 3527 irr
505 3481 539 3528 se
554 3462 750 3527 voluntatem
771 3462 995 3547 perspexisset.
1030 3462 1064 3527 id
1085 3464 1156 3528 tulit
1176 3463 1296 3530 factum

265 3557 404 3652 graviter
432 3564 674 3648 Indutiomarus,
706 3584 796 3630 suam
824 3564 959 3648 gratiam
988 3565 1072 3630 inter
1101 3585 1175 3633 suos
1197 3567 1297 3633 minui

266 3676 307 3756 et,
334 3669 388 3754 qui
416 3669 480 3734 iam
509 3673 584 3733 ante
612 3667 739 3731 inimico
768 3667 802 3734 in
830 3685 888 3732 nos
917 3666 1023 3733 animo
1049 3666 1170 3754 fuisset,
1198 3669 1297 3736 mrrlto

265 3774 392 3859 gravius
414 3771 475 3837 boc
496 3769 603 3835 dolore
625 3768 752 3834 exarsit.
