2968 4190
279 250 341 314 100
613 264 663 318 DE
680 263 796 318 BELLO
814 263 976 319 GALLICO

277 436 475 516 consentiret,
509 455 606 499 unam
637 454 706 500 esse
740 434 774 500 in
807 435 966 500 celeritate
999 435 1134 519 positam
1167 436 1310 502 salutem.

243 560 257 607 r
277 540 387 606 Cottae
410 537 537 622 quidem
566 544 662 621 atque
685 557 801 622 eorum,
833 537 887 621 qui
913 536 1125 620 dissentirent,
1148 539 1311 604 consilium

277 662 371 725 quem
400 641 518 707 habere
549 641 694 707 exitum?
735 641 769 706 in
792 661 853 723 quo
875 640 903 706 si
933 659 997 705 non
1019 660 1170 725 praesens
1192 642 1311 726 pericu·

275 747 350 830 lum,
381 751 415 811 at
437 752 521 811 certe
543 745 717 829 longinqua
739 742 903 810 obsidione
926 743 1027 809 fames
1054 751 1137 809 esset
1159 744 1310 810 timenda.

243 871 255 917 r
379 849 483 914 XXX.
514 848 583 912 Hac
598 849 633 912 in
646 853 949 930 utramquepartem
965 846 1177 930 disputatione
1191 846 1311 932 habita,

276 971 348 1016 eum
362 971 383 1016 a
398 951 491 1018 Cotta
505 951 677 1035 primisque
687 949 855 1016 ordinibus
876 949 991 1014 acriter
1012 950 1221 1015 resisteretur:
1243 950 1311 1013 oin

276 1055 345 1134 cite,
372 1054 484 1137 inquit,
515 1054 545 1116 ri
573 1055 624 1116 ite
652 1053 763 1131 unitio,
794 1053 939 1137 Sabinus,
964 1059 995 1118 et
1016 1053 1050 1118 id
1072 1054 1201 1119 clariore
1222 1073 1310 1138 voce,

242 1164 311 1225 aut
331 1177 449 1241 magna
469 1176 543 1240 pars
565 1157 699 1221 militum
715 1154 893 1241 exaudirem
916 1177 1015 1240 neque
1037 1156 1066 1218 is
1089 1178 1171 1234 enm,
1197 1156 1311 1238 inquit,

276 1260 333 1345 qni
364 1259 550 1345 pravissime
585 1281 624 1322 eor
656 1257 743 1322 nobis
775 1259 888 1322 mortis
917 1257 1069 1344 periculo
1100 1269 1243 1322 terrear:
1276 1258 1311 1322 ni

275 1362 420 1447 capient·
441 1361 473 1424 ei
493 1362 627 1447 pronius
651 1362 732 1447 qnid
754 1361 922 1440 acciderit,
950 1360 1007 1424 ade
1031 1371 1060 1425 te
1082 1362 1242 1424 rationem
1263 1382 1311 1424 re-

243 1474 420 1550 spoccent;
442 1465 509 1549 qni,
532 1465 563 1528 oi
580 1486 645 1549 per
668 1474 697 1527 te
721 1463 825 1542 licent,
848 1464 1027 1549 perendino
1052 1464 1104 1528 die
1134 1487 1205 1527 cnrn
1232 1485 1311 1549 pro·

275 1567 373 1632 nimie
397 1567 540 1630 hibernie
563 1567 728 1631 coniuncti
750 1589 943 1630 commanem
970 1589 1041 1630 enne
1071 1567 1209 1652 reliquie
1234 1565 1312 1630 belli

275 1693 386 1735 earnm
407 1671 598 1749 sustineant,
620 1692 685 1734 non
708 1671 819 1734 reiecti
841 1680 870 1733 et
885 1669 1021 1756 releqati
1038 1669 1126 1756 lonqe
1141 1669 1182 1732 ab
1198 1670 1310 1733 ceteris

276 1785 335 1838 ant
349 1773 449 1859 ferro
472 1783 531 1837 ant
546 1772 642 1859 fonte
663 1774 834 1838 intereant.

243 1902 255 1944 1
377 1877 498 1942 XXXI.
547 1876 751 1960 Consurgitur
785 1896 826 1941 ex
860 1875 1007 1960 consilio;
1042 1873 1312 1960 comprehendunt

275 1986 442 2064 utrumque
464 1987 496 2045 et
518 1987 617 2062 orant,
640 1999 682 2045 ne
703 1999 761 2045 sua
776 1979 972 2046 dissensione
994 1983 1025 2044 et
1047 1977 1221 2063 pertinacia
1243 1996 1310 2042 rem

242 2105 256 2152 a
275 2084 309 2148 in
331 2103 487 2148 summum
508 2083 681 2166 periculum
703 2081 876 2148 deducant:
904 2081 1030 2147 facilem
1057 2101 1126 2147 esse
1153 2099 1229 2164 rem,
1253 2099 1309 2144 seu

274 2190 436 2266 maneant,
459 2204 515 2249 seu
537 2184 784 2268 proficiscantur,
813 2184 840 2250 si
866 2183 960 2250 modo
988 2204 1087 2250 unum
1110 2203 1219 2249 omnes
1241 2202 1310 2248 sen·

275 2288 355 2353 tiant
376 2307 415 2352 oc
435 2288 583 2372 probent;
614 2293 723 2354 contra
753 2287 787 2352 in
810 2285 1006 2353 dissensione
1026 2287 1145 2352 nullam
1174 2305 1210 2352 se
1232 2285 1310 2351 sulu-

240 2398 339 2460 stem
371 2389 559 2474 perspicere.
604 2410 655 2456 res
692 2389 904 2476 disputatione
936 2389 979 2455 ad
1010 2389 1148 2456 mediam
1184 2395 1309 2455 noctem

274 2491 464 2579 perducitur.
509 2491 639 2560 tandem
660 2492 716 2558 dat
738 2494 830 2561 Cotta
851 2499 1010 2579 permotus
1031 2512 1158 2558 manus:
1181 2496 1309 2576 superat

240 2595 432 2666 csententia
453 2595 572 2663 Sabini.
617 2597 837 2681 pronuntiatur
858 2596 959 2680 prima
988 2596 1058 2660 luce
1087 2595 1193 2660 ituros.
1239 2614 1309 2659 con·
1390 2619 1392 2622 ·

274 2701 405 2768 sumitur
433 2700 550 2784 vigiliis
583 2701 704 2784 reliqua
736 2721 810 2784 pars
840 2700 950 2785 noetis,
986 2719 1057 2764 cum
1085 2719 1144 2764 sua
1177 2698 1310 2781 quisque

274 2804 363 2871 miles
386 2805 648 2890 circumspiceret,
672 2802 748 2886 quid
763 2823 870 2869 seeum
884 2809 1009 2888 portare
1030 2807 1145 2886 posset,
1169 2799 1245 2884 quid
1267 2819 1308 2865 ex

240 2909 481 2975 sinstrumento
502 2907 705 2974 hibernorum
726 2907 904 2988 relinquere
926 2912 1098 2990 cogeretur.
1129 2904 1235 2970 omnia
1256 2922 1308 2968 ex·

275 3011 460 3096 cogitentur,
484 3030 581 3094 quaro
595 3029 655 3075 nce
674 3010 742 3076 sine
764 3009 901 3094 periculo
924 3014 1088 3074 maneatur
1104 3013 1135 3072 et
1157 3007 1310 3091 languore

241 3115 407 3182 emilitum
439 3120 472 3178 et
492 3112 610 3197 vigiliis
639 3113 812 3196 perieulum
841 3118 1003 3196 augeatur.
1048 3110 1150 3195 prima
1170 3109 1241 3173 luce
1263 3107 1310 3173 sic

275 3237 316 3282 ex
339 3215 449 3282 castris
470 3215 717 3300 proficiscuntur,
740 3221 775 3279 ut
795 3215 909 3296 quibus
924 3220 1006 3280 esset
1027 3231 1221 3298 persuasum,
1244 3231 1308 3276 non

274 3320 314 3385 ab
330 3318 429 3399 hoste,
445 3317 502 3382 sed
516 3319 556 3385 ab
572 3316 700 3382 homine
714 3317 903 3383 amicissimo
924 3316 1087 3382 consilium
1104 3313 1222 3395 datum,
1245 3313 1310 3378 lon·

274 3422 403 3508 gissimo
425 3421 552 3506 agmine
574 3420 785 3502 maximisque
806 3419 1048 3504 impedimentis.

240 3548 254 3594 r
376 3525 514 3590 XXXII.
559 3524 601 3589 At
633 3523 749 3605 hostes,
781 3529 987 3608 posteaquam
1014 3542 1055 3586 ex
1077 3526 1228 3586 nocturno
1250 3518 1310 3583 fre

274 3629 352 3694 mitu
375 3627 555 3714 vigiliisque
584 3625 625 3692 de
654 3626 847 3711 profectione
874 3646 981 3692 eorum
1010 3629 1186 3704 senserunt,
1219 3621 1308 3686 eollo

275 3732 353 3798 catis
374 3731 499 3797 insidiis
520 3729 667 3814 bipertito
693 3729 727 3792 in
750 3729 836 3794 silvis
859 3735 1031 3813 opportuno
1061 3732 1157 3808 atque
1186 3723 1311 3790 occulto

275 3835 342 3900 loco
364 3855 385 3899 a
406 3833 532 3899 milibus
554 3851 704 3917 passuum
727 3831 849 3896 circiter
870 3831 992 3896 duobus
1014 3831 1225 3894 Romanorum
1254 3823 1309 3889 ad-
