2936 4192
251 249 294 312 40
586 263 636 318 DE
654 263 770 319 BELLO
788 261 951 320 GALLIGO

251 455 361 501 norum
383 435 518 520 permoti
539 435 661 520 legatos
682 434 726 501 ad
740 435 909 502 Gaesarem
925 433 965 500 de
980 433 1141 501 deditione
1159 436 1289 502 mittunt

252 545 283 604 et
304 539 486 623 petentibus
507 537 625 622 Remis,
647 544 684 603 ut
705 543 975 621 conservarentur,
998 537 1178 622 impetrant.

219 663 231 708 1
354 641 445 706 XIH.
491 640 609 707 Caesar
637 639 801 707 obsidibus
833 639 972 724 aooeptis
1005 639 1115 725 primis
1150 641 1288 708 civitatis

251 748 347 826 atque
367 743 467 828 ipsius
482 743 604 810 Galbae
624 743 711 828 regis
733 742 855 809 duobus
873 741 947 808 filiis
968 743 1127 826 armisque
1142 744 1288 810 omuibus

252 865 294 911 ex
316 844 433 932 oppido
454 844 579 911 traditis
599 845 634 910 in
649 844 842 911 deditionem
857 845 1043 912 Suessiones
1061 846 1185 931 aooepit
1201 867 1288 914 exer-

219 969 235 1017 a
254 948 413 1032 citumque
434 948 469 1014 in
490 949 676 1014 Bellovacos
698 947 794 1013 duait.
840 947 895 1031 qui
917 968 989 1013 oum
1011 967 1046 1014 se
1076 968 1196 1032 suaque
1225 970 1288 1015 om·
1340 1006 1342 1010 .

251 1051 307 1116 nia
327 1051 362 1116 in
384 1050 536 1136 oppidum
550 1051 809 1136 Bratuspantium
829 1051 1044 1136 eontulissent,
1067 1058 1163 1135 atque
1184 1053 1225 1118 ab
1250 1072 1288 1118 eo

252 1153 368 1238 oppido
383 1155 501 1220 Caesar
523 1173 594 1219 omn
609 1153 751 1218 exercitu
773 1153 896 1219 eiroiter
918 1153 1006 1219 milia
1027 1173 1178 1238 passuum
1200 1154 1288 1240 quiu-

253 1276 314 1338 que
348 1258 483 1341 abesset,
519 1277 629 1323 omnes
662 1257 797 1322 maiores
829 1261 906 1322 natu
941 1276 983 1322 ex
1016 1256 1133 1342 oppido
1167 1257 1287 1342 egressi
1384 1264 1388 1270 '

252 1356 365 1424 manus
384 1358 427 1424 ad
442 1360 611 1426 Gaesarem
625 1358 757 1426 tendere
772 1365 804 1424 et
818 1378 897 1424 vooe
911 1358 1091 1444 significare
1106 1367 1286 1445 ooeperunt,

253 1480 323 1527 sese
352 1461 387 1526 in
417 1461 484 1528 eius
513 1461 609 1527 fidem
638 1481 677 1526 ao
707 1466 896 1546 potestatem
918 1462 1030 1528 venire
1051 1482 1156 1545 neque
1178 1468 1287 1528 nonna

219 1564 401 1650 apopulum
433 1565 612 1630 Romanum
644 1563 741 1630 armis
774 1561 973 1630 contendere.
1018 1564 1105 1649 item,
1140 1585 1211 1630 oum
1244 1564 1287 1631 ad

253 1666 403 1752 oppidum
432 1667 619 1733 aoeessisset
648 1672 815 1750 castraque
836 1665 881 1733 ibi
903 1673 1044 1752 poneret,
1067 1667 1157 1752 pueri
1179 1669 1287 1734 mulie-

252 1789 365 1853 resque
395 1789 437 1834 ex
466 1790 555 1836 muro
584 1769 687 1854 passis
716 1770 864 1836 manibus
893 1789 950 1836 suo
979 1789 1066 1834 more
1098 1789 1210 1854 paoem
1243 1773 1285 1837 ab

252 1873 403 1940 Romanis
424 1872 591 1957 petierunt.

222 1997 233 2042 r
355 1975 442 2040 XIV.
487 1975 548 2040 Pro
570 1974 620 2040 his
641 1975 818 2040 Divitiaous
842 2013 883 2022 —
905 1994 980 2038 nam
1010 1981 1081 2059 post
1111 1973 1286 2040 discessum

253 2077 422 2160 Belgarum
445 2076 583 2142 dimissis
596 2077 777 2142 Aeduorum
792 2075 890 2162 oopiis
911 2075 955 2142 ad
969 2095 1042 2142 eum
1055 2082 1229 2142 reverterat
1243 2115 1285 2123 —

220 2179 330 2246 rfaoit
344 2180 456 2245 verba:
479 2179 663 2245 Bellovacos
682 2179 767 2244 omni
789 2185 930 2263 tempore
951 2178 986 2243 in
1007 2178 1071 2244 fide
1092 2185 1189 2261 atque
1211 2179 1286 2244 ami·

220 2302 235 2348 a
254 2280 328 2346 eitia
343 2281 479 2347 civitatis
492 2279 624 2346 Aeduae
638 2281 750 2366 fuisse;
771 2280 922 2366 impulsos
943 2283 984 2347 ab
1001 2281 1066 2347 suis
1080 2281 1285 2366 principibus,

254 2383 308 2466 qui
329 2382 479 2468 dicerent,
502 2382 630 2449 Aeduos
652 2384 694 2450 ab
718 2383 854 2450 Caesare
875 2383 908 2448 in
931 2383 1115 2450 servitutem
1141 2383 1286 2450 redactos

254 2505 363 2553 omnes
384 2485 590 2571 indignitates
605 2486 873 2570 oontumeliasque
894 2485 1043 2571 perferre,
1064 2492 1096 2550 et
1110 2487 1150 2552 ab
1166 2486 1286 2552 Aeduis

221 2589 409 2658 odeieoisse
431 2597 462 2656 et
484 2590 599 2675 populo
620 2590 772 2655 Romano*
788 2589 906 2654 bellum
935 2588 1089 2655 intulisse.
1135 2589 1188 2671 qui
1218 2589 1286 2654 eius

255 2694 376 2760 consilii
404 2694 563 2780 prinoipes
591 2692 735 2776 fuissent,
765 2689 848 2774 quod
876 2691 1106 2776 intellegerent,
1135 2696 1285 2773 quantam

255 2797 465 2862 calamitatem
481 2795 602 2862 oiritati
616 2795 806 2876 intulissent,
828 2792 863 2858 in
877 2793 1075 2860 Britanniam
1097 2792 1284 2878 profugisse.

220 2921 236 2968 o
254 2904 362 2983 petere
383 2919 447 2965 non
469 2899 570 2964 solum
583 2898 778 2981 Bellovacos,
801 2895 858 2962 sed
880 2896 976 2961 etiam
998 2916 1054 2982 pro
1077 2895 1127 2962 his
1147 2895 1284 2976 Aeduos,

222 3008 290 3069 eut
312 3023 370 3068 sua
391 3003 559 3068 elementia
579 3021 618 3067 ae
640 2997 882 3066 mansuetudine
904 2998 938 3062 in
961 3018 1014 3064 eos
1043 3005 1156 3064 utatur.
1203 2995 1286 3080 quod

255 3105 283 3171 si
312 3105 431 3189 feeerit,
460 3104 642 3170 Aeduorum
670 3101 889 3168 auctoritatem
919 3100 1005 3186 apud
1034 3119 1144 3166 omnes
1169 3100 1286 3183 Belgas

237 3207 532 3293 ‚amplificatorem
567 3225 698 3290 quorum
726 3205 855 3270 auxiliis
887 3210 983 3286 atque
1012 3203 1133 3288 opibus,
1167 3202 1194 3268 si
1224 3221 1286 3284 qua
1372 3253 1374 3258 .

256 3311 339 3376 bella
360 3309 537 3393 inciderint,
560 3314 736 3375 sustentare
759 3307 947 3374 consuerint.

223 3435 235 3481 1
358 3413 428 3478 XV.
454 3412 569 3479 Caesar
583 3411 710 3476 honoris
724 3409 873 3476 Divitiaei
888 3416 986 3492 atque
995 3407 1176 3474 Aeduorum
1191 3425 1287 3472 eausa

256 3537 326 3584 sese
356 3537 409 3584 eos
437 3516 472 3580 in
502 3514 598 3580 fidem
630 3520 828 3598 recepturum
858 3518 890 3578 et
912 3515 1168 3578 conservaturum
1190 3507 1285 3592 dixit;

255 3619 340 3704 quod
367 3626 433 3686 erat
459 3619 573 3684 civitas
602 3637 720 3702 magna
740 3616 824 3681 inter
845 3614 962 3698 Belgas
983 3612 1170 3680 auctoritate
1191 3617 1287 3694 atquo

255 3723 416 3792 hominum
445 3719 646 3788 multitudine
675 3719 867 3804 praestabat,
898 3722 1065 3783 sexcentos
1088 3713 1214 3782 obsides
1235 3731 1287 3798 po

222 3829 364 3914 aposoit.
396 3827 445 3893 his
467 3825 591 3891 traditis
614 3823 821 3904 omnibusque
843 3820 939 3886 armis
963 3839 1004 3884 ex
1027 3816 1143 3903 oppido
1165 3814 1286 3882 collatis
