2960 4192
273 214 335 277 192
609 231 658 286 ΒΕ
676 231 793 286 BELLO
811 231 971 288 GALLICO

270 404 363 468 trium
386 404 605 485 tabulatorum,
629 405 778 488 pontibus
810 405 949 474 traiectis
979 406 1207 489 constratisque
1236 427 1305 472 con·

270 507 368 590 iungi,
399 526 530 588 quorum
559 506 679 572 frontes
706 507 846 573 viminea
876 509 1005 574 loricula
1035 509 1241 592 munirentur,
1272 516 1307 574 ut

237 634 252 679 r
270 609 311 674 ab
334 609 476 674 hostibus
499 609 618 694 duplici
639 609 734 694 fossa,
759 609 876 694 duplici
897 619 1165 696 propugnatorum
1195 611 1305 678 ordine

270 711 523 795 defenderentur,
548 733 679 795 quorum
702 715 782 778 alter
804 735 845 779 ex
867 716 1025 799 pontibus,
1058 737 1119 799 qno
1147 715 1242 780 tutior
1264 716 1306 779 al·

270 814 404 881 titudine
426 823 518 897 esset,
542 816 602 881 hoc
623 815 775 883 audacius
796 817 984 900 longiusque
1014 819 1209 902 permitteret
1231 819 1304 899 tela,

269 920 357 1004 alter,
382 919 435 1002 qui
457 920 583 1004 propior
604 919 727 984 hostem
757 921 791 984 in
820 920 890 1004 ipso
912 922 996 986 vallo
1019 923 1188 988 collocatus
1211 928 1304 1005 esset,

269 1029 364 1108 ponte
386 1023 427 1087 ab
450 1023 663 1087 incidentibus
685 1023 756 1087 telis
780 1029 946 1106 tegeretur.
978 1024 1076 1107 portis
1105 1023 1190 1090 fores
1219 1025 1305 1089 altio-

269 1146 382 1208 resque
404 1133 505 1190 turres
528 1126 686 1209 imposuit,

238 1255 250 1297 1
372 1229 413 1294 X.
458 1229 560 1294 Huius
583 1229 765 1294 munitionis
788 1229 907 1313 duplex
930 1236 997 1295 erat
1020 1230 1194 1295 consilium.
1219 1251 1305 1296 nam·

270 1353 331 1415 qne
354 1339 386 1397 et
407 1352 537 1416 operum
560 1332 812 1414 magnitudinem
836 1339 868 1398 et
890 1335 1033 1398 timorem
1049 1353 1140 1399 suum
1156 1335 1306 1418 sperabat

270 1435 416 1502 fiduciam
439 1435 581 1501 barbaris
604 1435 780 1520 allaturum,
805 1442 836 1500 et
859 1457 930 1501 cum
952 1437 1138 1520 pabulatum
1169 1437 1305 1502 frumen·

269 1545 431 1622 tatumque
453 1539 578 1624 longius
601 1545 684 1604 esset
706 1539 977 1624 proficiscendum,
1004 1541 1112 1625 parvis
1135 1541 1233 1626 copiis
1256 1561 1305 1606 ca-

236 1662 251 1712 2
269 1650 334 1709 stra
355 1643 528 1708 munitione
539 1643 620 1731 ipsa
634 1642 765 1707 videbat
783 1661 876 1727 posse
892 1643 1030 1709 defendi.
1054 1644 1181 1708 interim
1195 1646 1305 1710 crebro

269 1746 378 1830 paucis
400 1746 558 1828 utrimque
579 1745 833 1829 procurrentibus
855 1746 938 1811 inter
963 1747 1041 1812 bina
1063 1753 1167 1812 castra
1188 1746 1305 1831 palude

268 1850 432 1914 interiecta
454 1848 717 1933 contendebatur;
742 1869 837 1930 quam
852 1855 959 1914 tamen
981 1849 1130 1934 paludem
1152 1870 1305 1915 nonnum-

270 1973 363 2036 quam
385 1959 440 2016 aut
462 1959 570 2018 nostra
589 1952 708 2022 auxilia
724 1952 884 2017 Gallorum
901 1953 1190 2036 Germanorumque
1206 1959 1304 2019 trans-

268 2057 358 2122 ibant
379 2057 544 2138 acriusque
566 2056 673 2121 hostes
695 2055 950 2138 insequebantur,
974 2062 1028 2120 aut
1043 2055 1184 2121 vicissim
1198 2055 1305 2123 hostes

235 2158 380 2226 academ
403 2159 591 2242 transgressi
613 2165 735 2223 nostros
757 2159 881 2243 longius
909 2161 1148 2226 submovebant.
1185 2159 1305 2225 accide-

268 2263 323 2326 bat
344 2266 451 2325 autem
470 2261 636 2326 cotidianis
658 2261 914 2346 pabulationibus
937 2261 1033 2327 —id
1056 2261 1139 2346 quod
1160 2262 1304 2328 accidere

269 2369 336 2430 erat
357 2383 496 2446 necesse,
521 2383 592 2427 cum
613 2364 693 2429 raris
713 2363 913 2447 disiectisque
929 2385 970 2430 ex
985 2364 1138 2431 aedificiis
1153 2367 1304 2450 pabulum

269 2467 500 2550 conquireretur
523 2475 622 2533 —ut
651 2467 811 2553 impeditis
830 2469 919 2534 locis
946 2468 1080 2554 dispersi
1102 2469 1304 2553 pabulatores

235 2571 579 2656 cciroumvenirentun
604 2591 684 2654 quae
714 2591 775 2654 res,
806 2572 865 2638 etsi
894 2571 1052 2638 mediocre
1082 2572 1303 2638 detrimentum

267 2675 476 2740 iumentorum
498 2695 537 2740 ac
559 2695 720 2741 servorum
740 2676 854 2741 nostris
873 2675 1036 2759 afferebat,
1060 2683 1167 2741 tamen
1182 2671 1303 2741 ¹stultas

268 2779 474 2862 cogitationes
496 2779 651 2844 incitabat
673 2767 886 2860 barbarorum]
910 2785 1006 2861 atque
1029 2799 1066 2844 eo
1088 2779 1200 2863 magis,
1218 2778 1303 2861 quod

268 2882 437 2963 Commius,
468 2901 562 2966 quem
591 2882 766 2967 profectum
796 2881 838 2947 ad
859 2882 980 2946 auxilia
1007 2882 1234 2947 Germanorum
1256 2903 1303 2946 ar-

268 2985 420 3051 cessenda
441 2984 543 3070 docui,
567 3007 638 3052 cum
662 2987 820 3069 equitibus
842 2992 986 3070 venerat;
1017 2986 1071 3068 qui
1093 2986 1220 3051 tametsi
1249 3005 1304 3049 nu·

267 3108 353 3154 mero
374 3109 439 3154 uon
461 3090 597 3173 amplius
625 3096 714 3156 erant
737 3090 911 3174 quingenti,
943 3095 1050 3153 tamen
1073 3089 1301 3155 Germanorum

267 3191 408 3256 adventu
430 3193 557 3259 barbari
580 3194 770 3259 nitebantur.

236 3311 248 3363 r
369 3295 426 3359 XI.
451 3296 577 3380 Caesar,
602 3317 672 3361 cum
694 3295 961 3362 animadverteret
982 3295 1106 3361 hostem
1126 3296 1302 3380 complures

267 3397 335 3465 obes
358 3399 468 3464 castris
490 3399 606 3484 palude
630 3407 661 3465 et
682 3401 742 3466 loci
763 3406 876 3465 natura
898 3398 1027 3464 munitis
1050 3417 1085 3464 se
1107 3403 1226 3480 tenere,
1249 3417 1302 3462 nc-

267 3522 328 3584 que
351 3505 527 3587 oppugnari
551 3510 654 3568 castra
677 3524 782 3569 eorum
805 3503 873 3568 sine
897 3502 1098 3566 dimicatione
1125 3501 1302 3586 peruiciosa

266 3626 326 3671 nec
357 3607 461 3670 locum
490 3607 717 3672 munitionibus
749 3605 851 3670 claudi
880 3606 942 3670 nIsi
968 3626 989 3670 a
1018 3605 1137 3669 maiore
1161 3604 1300 3670 exercitu

266 3729 368 3792 posse,
391 3710 512 3774 litteras
535 3709 577 3774 ad
599 3711 790 3776 Trebonium
813 3709 917 3792 mittit,
948 3715 991 3793 ut,
1016 3729 1110 3791 quam
1142 3708 1301 3773 celerrime

266 3819 382 3894 posset,
413 3812 571 3895 legionem
602 3813 702 3895 XIII,
735 3830 815 3893 quae
845 3830 917 3875 cum
939 3813 975 3876 T.
1000 3812 1109 3878 Sextio
1141 3812 1246 3895 legato
1268 3811 1298 3874 in
