2936 4192
288 263 331 328 42
623 280 673 334 DE
690 278 807 335 Baubo
825 279 987 335 GALLIGO

289 450 373 534 quod
398 446 509 517 Nervii
535 450 720 536 antiquitus,
751 470 822 516 oum
852 437 994 535 equitatu
1023 451 1103 518 nihil
1125 460 1255 538 possent
1276 492 1321 502 —

288 572 392 636 neque
414 554 498 618 euim
519 551 561 620 ad
583 553 643 620 boc
664 559 790 639 tempus
812 554 842 620 ei
863 555 910 621 rei
931 554 1069 640 student,
1092 555 1150 622 sed
1170 556 1320 640 quicquid

287 662 427 741 possunt,
459 655 659 740 pedestribus
680 657 790 722 valent
812 657 911 742 copiis
933 695 976 706 -
997 678 1059 741 quo
1080 658 1205 724 facilius
1226 657 1320 724 finiti-

287 778 409 824 morum
431 759 613 843 equitatum,
637 759 665 825 si
686 759 861 844 praedandi
875 779 978 826 causa
1000 759 1042 825 ad
1069 780 1123 828 eos
1144 761 1320 846 venissent,

286 860 485 946 impedirent,
511 862 629 928 teneris
658 862 822 943 arboribus
850 862 959 928 incisis
987 868 1084 945 atque
1105 862 1233 930 inflexis
1256 869 1339 928 ore‘

286 964 414 1047 brisque
434 964 469 1028 in
490 963 689 1030 latitudinem
709 965 806 1030 ramis
828 965 930 1032 enatis
952 971 984 1031 et
1004 966 1092 1031 rubis
1114 966 1321 1049 sentibusque

286 1065 459 1133 interiectis
489 1067 668 1151 effecerant,
697 1074 733 1132 ut
763 1068 863 1133 instar
891 1068 973 1133 muri
1002 1067 1064 1132 bae
1086 1087 1198 1153 saepes
1220 1069 1320 1134 muni-

287 1177 394 1235 menta
422 1170 622 1255 praeberent,
654 1190 716 1254 quo
745 1191 810 1236 non
838 1169 932 1236 modo
961 1189 1026 1236 uon
1047 1170 1167 1254 intrari,
1198 1169 1256 1236 sed
1277 1161 1319 1236 u'e

252 1292 269 1340 u
286 1273 422 1356 perspici
437 1272 565 1356 quidem
579 1279 694 1358 posset.
717 1271 768 1338 his
785 1273 880 1338 rebus
900 1292 973 1338 cum
990 1272 1051 1338 iter
1069 1273 1206 1356 agminis
1220 1273 1318 1340 nostri

286 1374 499 1460 impediretur,
531 1395 595 1441 non
630 1373 839 1440 omittendum
873 1375 1038 1441 eonsilium
1071 1375 1183 1440 Nervii
1213 1375 1319 1441 existi·

286 1484 462 1543 maverunt.

253 1599 267 1648 1
381 1581 509 1647 ¹XVHI.
542 1581 619 1646 Loci
640 1586 754 1646 natura
776 1587 843 1646 erat
865 1580 954 1665 baec,
977 1600 1072 1664 quem
1093 1581 1197 1646 locum
1218 1582 1317 1646 nostri

287 1683 397 1750 castris
418 1682 612 1768 delegerant.
658 1682 746 1748 collis
775 1684 816 1749 ab
846 1701 969 1748 summo
990 1683 1165 1766 aequaliter
1186 1682 1317 1749 declivis

217 1864 219 1870 Ι
285 1785 328 1851 ad
356 1785 475 1852 flumen
497 1785 616 1870 Sabim,
647 1783 732 1869 quod
760 1804 856 1870 supra
884 1786 1126 1870 nominavimus,
1153 1787 1315 1870 vergebat.

252 1909 267 1957 a
285 1891 326 1956 ab
350 1909 388 1956 eo
409 1889 539 1956 flumine
553 1889 623 1974 pari
644 1889 823 1954 acclivitate
845 1889 933 1954 collis
954 1890 1143 1956 nascebatur
1164 1887 1317 1954 adversus

285 1991 359 2057 huie
381 1998 413 2058 et
436 1993 618 2076 contrarius,
641 2011 754 2076 passus
776 1991 899 2058 circiter
921 1991 1074 2058 ducentos
1087 1990 1215 2056 infimus
1230 2011 1317 2076 aper·

285 2101 345 2177 tus,
367 2095 409 2159 ab
433 2094 593 2177 superiore
614 2099 704 2178 parte
726 2093 890 2179 silvestris,
913 2099 949 2159 ut
970 2113 1035 2160 non
1055 2093 1150 2160 facile
1164 2094 1316 2163 introrsus

252 2217 268 2264 a
285 2197 421 2280 perspici
447 2202 573 2280 posset·
606 2195 690 2260 intra
716 2214 771 2260 eas
799 2195 896 2262 silvas
917 2195 1025 2262 hostes
1045 2196 1080 2262 iu
1101 2197 1224 2262 occulto
1245 2215 1316 2262 sese

286 2299 503 2384 continebant;
536 2299 571 2363 in
600 2305 708 2383 aperto
737 2299 805 2365 loco
838 2297 1013 2364 secundum
1046 2298 1164 2364 flumen
1194 2318 1316 2384 paucae

285 2401 436 2468 stationes
458 2401 598 2484 equitum
619 2400 817 2467 videbantur.
858 2399 998 2467 fluminis
1020 2407 1087 2468 erat
1108 2400 1241 2468 altitudo
1263 2395 1316 2486 pe·

285 2504 361 2569 dum
383 2504 506 2570 circiter
527 2504 630 2569 trium.
657 2506 661 2514 ’

211 2599 216 2610 ’
252 2628 265 2677 u
332 2615 334 2619 '
387 2607 476 2673 XIX.
501 2607 618 2674 (laesor
636 2605 777 2688 equitatu
794 2605 967 2690 praemisso
986 2603 1238 2688 subsequebatur
1252 2625 1315 2671 om·

283 2711 378 2778 nibus
400 2709 511 2795 copiis:
534 2708 592 2776 sed
612 2709 692 2774 ratio
707 2707 846 2790 ordoque
859 2707 996 2792 agminis
1010 2709 1101 2774 aliter
1115 2727 1150 2774 se
1164 2707 1314 2790 babebat,

250 2833 323 2883 nac
336 2814 455 2897 Belgae
469 2812 512 2877 ad
525 2811 660 2878 Nervios
675 2810 861 2876 detulerant.
895 2830 971 2876 nam
994 2810 1079 2894 quod
1099 2809 1183 2876 hosti
1204 2829 1314 2895 appro
1364 2821 1366 2826 '

283 2917 467 3000 pinquabat,
485 2913 709 2980 consuetudine
721 2932 779 2978 sua
790 2913 907 2980 (laesor
920 2931 979 2978 sex
992 2913 1133 2998 legiones
1147 2911 1315 2996 expeditas

251 3017 435 3104 educebat,
462 3023 533 3102 post
562 3036 617 3082 eas
645 3016 741 3082 totius
775 3015 933 3082 exercitus
964 3014 1192 3101 impedimenta
1224 3014 1314 3080 eollo

285 3127 384 3206 uarat,
399 3119 474 3185 inde
489 3119 571 3185 duae
584 3119 735 3202 legiones,
752 3137 833 3202 quae
847 3117 991 3203 proxime
1002 3117 1198 3202 conscriptae
1213 3124 1312 3202 crant,

284 3230 383 3290 totum
397 3207 519 3308 agmen
528 3221 717 3288 claudebant
730 3219 950 3306 praesidioque
956 3219 1198 3307 impedimentis
1212 3226 1310 3286 erant.

249 3349 265 3396 4
285 3326 405 3410 equites
419 3325 517 3390 nostri
528 3344 599 3390 cum
613 3323 824 3416 funditoribus
839 3323 1072 3408 sagittariisque
1082 3323 1200 3390 flumen
1213 3329 1312 3388 trans

249 3451 265 3498 u
283 3429 384 3514 gressi
406 3447 477 3492 eum
498 3426 634 3492 bostium
650 3427 790 3508 equitatu
811 3426 965 3510 proelium
980 3427 1211 3492 commiserunt.
1239 3445 1312 3490 eum

249 3608 251 3611 v
283 3552 318 3598 se
339 3531 385 3596 illi
406 3527 580 3595 identidem
601 3528 636 3594 in
657 3528 754 3594 silvas
775 3527 818 3594 ad
840 3547 913 3594 suos
938 3529 1115 3613 reciperent
1139 3548 1179 3594 ao
1204 3547 1311 3594 rursus

187 3705 188 3708 ,
284 3655 325 3702 ex
352 3634 433 3700 silva
458 3633 492 3698 in
518 3638 640 3698 nostros
665 3631 818 3716 impetum
839 3630 981 3696 facerent
1002 3651 1105 3714 neque
1126 3631 1225 3698 nostri
1246 3630 1311 3696 lon·

283 3739 363 3824 gius,
398 3757 493 3822 quam
526 3755 620 3820 quem
652 3733 695 3799 ad
727 3734 824 3799 finem
856 3733 925 3798 loca
956 3739 1067 3818 aperta
1099 3732 1309 3819 pertinebant,

283 3840 432 3907 cedentes
460 3838 585 3922 insequi
613 3837 775 3920 auderent,
806 3836 932 3902 interim
961 3836 1102 3920 legiones
1132 3853 1200 3919 sex,
1228 3854 1310 3918 quae

941 4180 948 4181 ἶ
1066 4153 1447 4180 ..-..--—-——->—--
