2936 4192
276 193 317 255 66
613 209 661 263 DE
678 208 794 263 BELLO
812 208 975 263 GALLICO

241 399 255 446 r
275 381 396 445 cultura
418 400 477 446 nec
499 381 578 444 ratio
600 385 696 464 atque
718 399 793 444 usus
815 380 889 445 belli
912 381 1134 446 intermittitur.
1170 381 1226 448 sed
1248 385 1308 468 pri-

275 482 340 546 vati
366 502 406 547 ao
435 482 571 566 separati
601 482 670 566 agri
692 480 777 567 apud
800 501 854 547 eos
876 482 954 547 nihil
977 490 1034 566 est,
1057 502 1161 566 neque
1183 485 1308 569 lougius

239 604 357 654 canno
380 604 543 649 remanere
564 605 627 650 uno
649 584 682 648 in
705 585 773 650 loco
794 584 952 650 incolendi
974 605 1071 652 causa
1091 587 1173 652 licet.
1204 607 1307 671 neque

274 687 405 752 multum
428 686 594 769 frumento,
618 687 675 753 sed
696 688 869 752 maximam
891 694 1012 772 partem
1034 689 1116 754 lacte
1138 695 1234 772 atque
1256 711 1308 775 pe-

239 809 345 856 acore
367 790 489 872 vivunt,
512 791 706 873 multumque
728 795 801 854 sunt
823 789 855 854 in
879 790 1115 877 venationibus3
1146 812 1227 874 quae
1257 813 1307 858 res

274 899 305 957 et
339 893 400 958 cibi
433 913 551 977 genere
584 899 616 958 et
649 891 808 958 cotidiana
841 893 1067 958 exercitatione
1101 899 1132 958 et
1161 894 1307 959 libertate

272 995 367 1077 vitae,
391 1016 461 1060 cum
484 1016 504 1060 a
525 995 631 1080 pueris
650 995 736 1060 nullo
755 993 859 1060 officio
879 1001 934 1058 aut
948 993 1115 1079 disciplina
1136 996 1306 1062 assuefacti

272 1097 351 1162 nihil
374 1099 501 1163 omnino
524 1105 632 1164 contra
654 1098 847 1164 voluntatem
878 1097 1006 1179 faciant,
1037 1105 1068 1162 et
1090 1099 1174 1164 vires
1196 1099 1252 1164 alit
1275 1107 1307 1164 et

224 1211 256 1259 ιο
273 1200 403 1264 immani
427 1221 590 1284 corporum
612 1200 830 1285 magnitudine
852 1200 996 1266 homines
1018 1200 1124 1266 efficit.
1154 1207 1250 1285 atque
1272 1203 1306 1267 irr

273 1322 342 1366 eam
366 1323 401 1368 se
424 1303 682 1368 consuetudinem
704 1302 915 1385 adduxerunt,
938 1309 972 1368 ut
994 1304 1071 1369 locis
1093 1304 1306 1388 frigidissimis

272 1424 376 1487 neque
391 1406 524 1470 vestitus
538 1412 663 1490 praeter
685 1406 783 1490 pelles
805 1405 959 1469 haberent
974 1406 1151 1488 quicquam,
1174 1426 1306 1490 quarum

271 1513 399 1591 propter
421 1508 627 1590 exiguitatem
650 1527 767 1591 magna
789 1513 837 1572 est
859 1508 997 1590 corporis
1024 1527 1098 1592 pars
1124 1515 1244 1592 aperta,
1274 1516 1306 1574 et

272 1610 451 1674 lavarentur
472 1610 505 1674 in
528 1609 719 1674 fluminibus.
926 1675 931 1688 ,

240 1735 249 1778 ι
374 1712 417 1777 Π.
461 1712 687 1778 Mercatoribus
722 1718 768 1777 est
801 1711 906 1776 aditus
939 1713 1041 1796 magis
1057 1732 1118 1794 eo,
1149 1720 1193 1794 ut,
1225 1733 1305 1795 quae
1376 1744 1378 1750 ·

273 1814 353 1879 bebo
376 1815 526 1899 ceperint,
550 1815 663 1896 quibus
678 1814 828 1896 vendant,
851 1814 999 1895 habeant,
1023 1834 1116 1897 quam
1133 1835 1195 1897 quo
1210 1817 1305 1880 ullam

238 1936 338 1983 arem
360 1915 402 1981 ad
429 1937 464 1982 se
490 1917 649 2001 importari
681 1916 869 1982 desiderent.
915 1917 990 2000 quin
1022 1917 1116 1982 etiam
1146 1918 1304 1998 iumentis,

274 2020 387 2100 quibus
401 2020 540 2084 maxime
556 2019 636 2084 Galli
653 2018 847 2083 delectantur
863 2039 1005 2100 quaeque
1027 2019 1169 2103 impenso
1191 2026 1305 2104 parant

272 2123 382 2204 pretio,
410 2122 559 2187 Germani
589 2122 763 2205 importatis
793 2141 856 2185 norr
879 2129 1017 2202 utuntur,
1048 2122 1105 2187 sed
1128 2142 1210 2204 quae
1233 2129 1306 2187 sunt

273 2222 357 2306 apud
387 2242 441 2287 eos
470 2229 555 2303 nata,
585 2243 684 2306 parva
713 2230 808 2304 atque
838 2223 1000 2303 deformia,
1033 2224 1114 2289 haec
1147 2225 1306 2289 cotidiana

239 2347 254 2388 a
274 2324 509 2406 exercitatione,
532 2325 644 2389 summi
667 2331 701 2389 ut
724 2325 787 2390 siut
809 2326 934 2407 laboris,
962 2326 1112 2392 efficiunt.
1158 2327 1306 2408 equestri-

273 2428 332 2492 bus
361 2426 487 2510 proeliis
510 2446 606 2511 saepe
637 2447 677 2492 ex
700 2428 789 2510 equis
812 2428 960 2493 desiliunt
989 2449 1026 2493 ac
1055 2429 1190 2513 pedibus
1219 2449 1305 2513 proe-

272 2530 401 2611 liantur,
432 2549 591 2612 equosque
626 2529 735 2594 eodem
769 2550 930 2595 remanere
964 2531 1099 2614 vestigio
1132 2530 1306 2596 assuefece-

195 2641 198 2648 ‘
239 2659 254 2704 4
274 2641 356 2714 runt,
372 2631 413 2697 ad
430 2653 507 2716 quos
523 2652 557 2697 se
573 2633 723 2715 celeriter,
747 2655 817 2698 cum
840 2653 915 2698 usus
931 2639 987 2712 est,
1010 2633 1179 2717 recipiunt3
1202 2652 1306 2715 neque

276 2756 383 2801 eorum
412 2736 551 2801 moribus
580 2735 702 2820 turpius
732 2736 898 2820 quiequam
928 2742 983 2799 aut
1012 2735 1142 2799 inertius
1172 2735 1306 2800 habetur

239 2859 367 2922 squam
391 2837 547 2923 ephippiis
569 2837 625 2902 uti.
653 2838 760 2921 itaque
782 2837 823 2902 ad
848 2838 990 2920 quemvis
1012 2857 1176 2901 numerum
1200 2837 1305 2922 ephip-

239 2944 427 3027 opiatomm
451 2942 590 3024 equitum
613 2941 756 3024 quamvis
786 2941 877 3025 pauci
907 2939 995 3004 adire
1024 2938 1151 3004 audent.
1196 2939 1305 3004 vinum

273 3044 314 3108 ad
337 3065 371 3110 se
393 3045 520 3110 omuino
541 3044 702 3128 importari
732 3064 794 3108 non
825 3043 941 3124 sinunt,
973 3041 1055 3126 quod
1086 3062 1124 3106 ea
1146 3063 1179 3106 re
1201 3042 1242 3107 ad
1265 3043 1306 3106 la-

275 3150 381 3213 borem
403 3146 568 3212 ferendum
590 3146 806 3212 remollescere
832 3146 976 3210 homines
1005 3152 1101 3228 atque
1131 3144 1305 3210 effeminari

274 3252 473 3316 arbitrantur.

242 3376 254 3422 1
377 3354 435 3418 III.
481 3353 609 3417 Publice
631 3351 802 3416 maximam
826 3356 938 3435 putant
962 3370 1030 3418 osse
1052 3348 1187 3430 laudem,
1211 3370 1304 3431 quam

275 3456 426 3522 latissime
448 3475 469 3519 a
490 3455 555 3519 suis
577 3455 693 3518 finibus
715 3473 828 3517 vacare
850 3473 957 3536 agros.
985 3452 1045 3516 hac
1067 3472 1101 3516 re
1124 3451 1304 3535 significari,

276 3579 425 3670 magnum
460 3578 624 3622 numerum
655 3556 816 3620 civitatum
847 3575 935 3618 suam
962 3554 1026 3619 vim
1058 3555 1212 3618 sustinere
1241 3573 1303 3618 non

244 3685 259 3732 a
277 3682 379 3747 posse
417 3661 524 3743 itaque
546 3679 610 3723 uua
633 3678 673 3722 ex
695 3663 785 3741 parte
807 3677 827 3720 a
849 3657 961 3723 Suebis
984 3656 1106 3722 circiter
1128 3656 1215 3720 milia
1236 3675 1305 3740 pas·

243 3785 367 3834 esuum
390 3768 542 3829 sexcenta
563 3761 631 3844 agri
646 3779 760 3823 v·acare
783 3758 890 3822 dieunt
878 3765 936 3822 tur
967 3757 1010 3822 ad
1031 3758 1160 3821 alteram
1184 3765 1303 3841 partem
