2966 4196
431 278 539 335 const
551 277 602 334 VI.
620 277 703 334 cAP.
715 278 899 334 XVI-XXI.
1120 261 1183 326 125

107 467 109 470 ·
148 451 340 517 coniunctim
354 451 435 516 ratio
449 451 583 516 habetur
598 450 779 532 fructusque
794 457 972 535 servantur;
992 458 1062 515 uter
1076 471 1183 517 eorum
1203 439 1205 442 ⁵

148 554 216 620 vita
238 554 408 638 superavit,
430 553 473 618 ad
495 574 567 619 eum
588 573 662 638 pars
683 553 846 635 utriusque
865 573 935 618 cum
958 553 1112 620 fructibus
1134 574 1182 620 su·

148 657 306 742 periorum
327 663 503 740 temporum
525 656 678 740 pervenit.
723 656 783 721 viri
811 657 846 720 in
875 677 999 742 uxores,
1030 657 1122 722 sicuti
1147 657 1216 725 ina

149 759 272 839 liberos,
295 758 381 824 vitae
403 759 552 840 necisque
566 758 687 824 habent
708 765 910 844 potestatem3
934 767 965 824 et
988 780 1059 826 oum
1081 767 1182 844 pater-

148 862 288 928 familiae
316 861 483 927 illustriore
511 863 580 927 loco
609 867 702 926 natus
733 860 883 942 decessit,
918 863 985 928 eius
1013 863 1182 947 propinqui

149 965 342 1030 conveniunt
363 971 404 1046 et,
427 963 468 1030 de
489 971 589 1030 morte
611 965 638 1030 si
659 985 710 1029 res
732 965 766 1028 in
789 965 999 1048 suspicionem
1021 967 1117 1047 venit,
1141 965 1182 1032 de

149 1068 300 1134 uxoribus
321 1067 356 1132 in
379 1067 524 1133 servilem
545 1066 673 1133 modum
700 1067 916 1150 quaestionem
942 1068 1062 1134 habent
1090 1076 1131 1150 et,
1154 1069 1182 1134 si

150 1176 342 1254 compertum
372 1176 429 1251 est,
462 1170 531 1254 igni
563 1176 659 1252 atque
693 1169 837 1236 omnibus
878 1172 1041 1236 tormentis
1075 1191 1182 1236 excru-

150 1273 248 1338 ciatas
262 1273 462 1338 interficiunt.
486 1272 598 1337 funcra
620 1278 693 1338 sunt
706 1291 763 1357 pro
783 1273 868 1337 cultu
884 1272 1042 1338 Gallorum
1062 1273 1216 1356 magni-4

150 1375 210 1440 fica
240 1381 271 1440 et
304 1381 499 1459 sumptuosa;
533 1376 710 1458 omniaque,
742 1395 823 1457 quoe
851 1375 934 1441 vivis
965 1375 1051 1442 cordi
1083 1377 1182 1442 fuisse

126 1520 130 1526 -
150 1479 350 1560 arbitrantur,
372 1479 407 1543 in
428 1479 535 1563 ignem
556 1477 705 1558 inferunt,
729 1479 824 1543 etiam
845 1479 1003 1561 animalia,
1026 1499 1066 1544 ac
1087 1481 1181 1564 paulo

150 1601 246 1665 supra
266 1580 350 1645 hanc
371 1581 553 1646 memoriam
575 1580 658 1644 servi
680 1586 713 1644 et
735 1580 873 1662 clientes,
904 1601 983 1663 quos
1004 1583 1045 1647 ab
1076 1582 1115 1646 iis
1137 1581 1182 1645 di·

150 1685 248 1749 lectos
270 1702 340 1748 esse
362 1683 536 1764 constabat,
558 1683 648 1748 iustis
673 1683 836 1748 funeribus
859 1685 1010 1749 confectis
1030 1705 1096 1748 una
1118 1705 1181 1750 cre·
1212 1696 1215 1700 ’

150 1787 326 1850 mabantur.

253 1889 325 1953 XX.
364 1887 454 1965 Quae
469 1888 613 1953 civitates
628 1887 821 1954 commodius
842 1909 932 1954 suam
953 1890 1179 1973 rempublicam
1200 1912 1213 1958 1

150 1991 370 2057 administrare
399 1990 628 2072 existimantur,
658 1989 777 2055 habent
809 1991 933 2074 legibus
967 1999 1120 2074 sanctum,
1154 1993 1181 2057 si
1241 2017 1249 2028 ·

151 2095 221 2177 quis
244 2093 319 2176 quid
342 2093 383 2158 de
404 2093 564 2176 republica
585 2114 606 2158 a
626 2093 768 2158 finitimis
789 2114 913 2160 rumore
934 2101 989 2160 aut
1017 2095 1104 2160 fama
1132 2115 1181 2160 ac

151 2197 278 2283 ceperit,
308 2197 354 2261 uti
383 2195 425 2260 ad
454 2195 672 2280 magistratum
694 2195 815 2262 delerat
837 2217 919 2264 neve
942 2219 1014 2264 cum
1037 2218 1097 2281 quo
1119 2199 1181 2263 alio

151 2300 369 2382 communicet,
400 2297 483 2381 quod
513 2319 608 2383 saepe
637 2299 780 2365 homines
805 2301 987 2367 temerarios
1008 2309 1104 2384 atque
1125 2301 1215 2369 ima

150 2403 267 2489 peritos
289 2403 377 2468 falsis
399 2402 573 2467 rumoribus
594 2402 703 2467 terreri
727 2408 758 2466 et
779 2403 822 2466 ad
850 2403 973 2470 facinus
1002 2405 1120 2488 impelli
1150 2411 1181 2470 et

151 2507 191 2572 de
213 2505 343 2572 summis
364 2507 458 2570 rebus
481 2505 643 2570 consilium
663 2507 775 2588 capere
798 2507 956 2589 cognitum
987 2516 1043 2572 est.
1086 2508 1215 2590 magi-3

151 2617 275 2692 stratus,
300 2628 381 2691 quac
403 2607 473 2672 visa
495 2614 577 2688 sunt,
600 2607 766 2688 occultant,
791 2628 933 2690 quaeque
957 2629 1025 2674 esse
1052 2630 1093 2674 ex
1122 2631 1181 2675 usu

150 2712 377 2792 iudicaverunt,
400 2709 592 2776 multitudini
614 2709 758 2793 produnt.
794 2708 835 2774 de
849 2731 882 2774 re
901 2712 1027 2794 publica
1042 2712 1103 2776 nisi
1125 2733 1181 2796 per

151 2815 317 2882 concilium
338 2814 425 2897 loqui
446 2833 510 2878 non
534 2811 723 2878 conceditur.

252 2919 342 2984 XXI.
374 2917 523 2982 Germani
545 2916 676 2980 multum
698 2916 739 2980 ab
762 2915 823 2980 hac
846 2915 1072 2981 consuetudine
1095 2917 1180 2982 diffe·
1203 2942 1212 2984 ι

151 3029 232 3087 runt.
281 3041 356 3086 nam
389 3039 492 3102 neque
526 3018 653 3083 druides
685 3018 818 3099 habent,
852 3019 906 3100 qui
939 3022 1032 3084 rebus
1065 3019 1181 3084 divinis

150 3125 300 3210 praesint,
323 3121 609 3206 nequesacrifioiis
632 3120 767 3186 student.
813 3120 942 3186 deorum
972 3143 1100 3188 numero
1127 3143 1215 3191 eosn

150 3229 233 3294 solos
266 3226 393 3310 ducunt,
428 3245 506 3307 quos
539 3229 671 3290 cernunt
705 3229 736 3288 et
769 3242 899 3305 quorum
932 3231 1040 3308 aperte
1069 3226 1181 3309 opibus

150 3331 312 3411 iuvantur,
346 3329 451 3396 Solem
481 3334 512 3392 et
534 3327 711 3392 Vulcanum
741 3332 773 3390 et
801 3326 938 3408 Lunam,
972 3329 1107 3411 reliquos
1140 3349 1181 3394 ne

150 3435 237 3498 fama
271 3431 398 3514 quidem
426 3435 625 3513 acceperunt.
670 3428 737 3493 vita
765 3431 867 3495 omnis
895 3431 928 3494 in
959 3433 1216 3500 venationibuss

151 3543 246 3620 atque
267 3535 301 3598 in
324 3531 436 3598 studiis
457 3532 504 3598 rei
525 3531 669 3596 militaris
685 3532 840 3618 consistit;
863 3534 904 3597 eb
927 3537 1066 3616 parvulis
1081 3536 1180 3600 labori

151 3660 190 3705 ac
211 3638 344 3703 duritiae
367 3635 502 3702 student.
548 3634 601 3716 qui
628 3633 803 3700 diutissime
831 3623 1010 3719 impuberes
1039 3658 1217 3720 perman-4

152 3747 268 3822 serunt,
290 3739 463 3804 maximam
485 3737 567 3802 inter
589 3756 662 3802 suos
684 3736 788 3802 ferunt
809 3737 948 3802 laudem:
976 3738 1036 3804 hoc
1057 3741 1100 3804 ali
1122 3747 1181 3806 sta-

153 3858 262 3928 turam,
286 3843 328 3908 ali
350 3843 433 3908 vires
455 3859 632 3921 nervosque
659 3839 835 3904 confirmari
856 3847 977 3923 putant.
1023 3842 1106 3906 intra
1128 3864 1217 3910 ans
