2960 4192
189 325 192 329 ,
307 255 368 318 182
638 271 689 325 DE
707 271 824 326 BELLO
843 271 1004 327 GALLICO

305 443 433 529 cedunt;
463 443 571 508 fundis
601 443 756 509 librilibus
778 442 981 529 sudibusque,
1005 445 1139 527 quasin
1161 465 1256 531 opere
1278 446 1345 512 dis-

270 553 489 631 oposuerant,
523 567 562 611 ac
594 546 763 630 glandibus
794 546 901 612 Gallos
930 555 1114 631 proterrent.
1169 557 1343 634 prospectu

305 650 443 716 tenebris
473 649 620 733 adempto
650 650 749 714 multa
781 650 938 734 utrimque
967 653 1097 718 vulnera
1129 653 1341 737 accipiuntur.

270 775 286 821 c
305 755 463 837 complura
485 753 647 818 tormentis
669 753 732 818 tela
754 753 957 818 coniciuntur.
981 761 1015 818 at
1036 755 1160 820 Marcus
1181 756 1344 822 Antonius

305 864 336 922 et
358 857 456 922 Gaius
477 857 652 922 Trebonius
673 856 780 940 legati,
805 857 919 938 quibus
940 855 1002 922 hae
1023 863 1130 941 partes
1159 857 1201 922 ad
1231 857 1342 923 defen-

304 959 442 1025 dendum
462 961 665 1040 obvenerant,
690 979 753 1041 qua
776 979 816 1024 ex
838 965 929 1043 parte
950 965 1073 1026 nostros
1095 961 1196 1044 premi
1218 961 1342 1026 intelle

303 1069 425 1144 nerant,
449 1063 498 1128 his
520 1062 639 1127 auxilio
661 1083 702 1126 ex
721 1062 920 1128 ulterioribus
943 1063 1078 1128 castellis
1094 1063 1245 1130 deductos
1267 1067 1341 1130 sub·

303 1167 479 1230 mittebant.

272 1291 284 1337 1
406 1268 571 1332 LXXXII.
594 1268 679 1332 Dum
701 1267 826 1352 longius
847 1269 888 1333 ab
905 1267 1079 1334 munitione
1093 1271 1227 1336 aberant
1243 1269 1339 1354 Galli,

303 1373 374 1456 plus
396 1369 597 1435 multitudine
623 1370 755 1435 telorum
785 1370 1006 1457 proficiebant;
1034 1379 1240 1456 posteaquam
1269 1393 1339 1457 pro-

303 1475 374 1559 pius
397 1477 624 1555 successerunt,
647 1479 702 1537 aut
724 1493 758 1539 se
781 1473 914 1538 stimulis
936 1473 1137 1558 inopinantes
1162 1475 1339 1542 induebant

302 1577 416 1642 autin
446 1577 573 1642 scrobes
603 1575 699 1640 delati
729 1575 1017 1642 transfodiebantur
1046 1585 1101 1643 aut
1129 1599 1169 1643 ex
1192 1579 1276 1644 vallo
1298 1600 1337 1644 ac

268 1681 438 1749 aturribus
460 1679 583 1744 traiecti
604 1679 677 1763 pilis
700 1679 872 1745 muralibus
893 1679 1073 1746 interibant.
1120 1683 1226 1746 multis
1247 1682 1337 1745 undi-

303 1804 364 1866 que
386 1782 569 1848 vulneribus
590 1783 730 1866 acceptis
756 1783 843 1846 nulla
872 1783 1046 1849 munitione
1074 1792 1233 1870 perrupta,
1264 1805 1335 1849 cum

301 1888 357 1951 lux
380 1892 553 1970 appeteret,
570 1885 671 1966 veriti,
694 1905 736 1950 ne
757 1887 798 1951 ab
814 1886 912 1950 latere
933 1893 1042 1971 aperto
1059 1907 1100 1952 ex
1122 1887 1337 1972 superioribus

303 1991 412 2055 castris
428 1989 592 2072 eruptione
608 1987 915 2073 circumvenirentur,
932 2008 967 2054 se
985 1989 1028 2054 ad
1051 2010 1123 2056 suos
1137 1996 1333 2075 receperunt,

267 2114 283 2161 e
301 2100 334 2157 at
356 2092 528 2173 interiores,
552 2090 627 2156 dum
650 2111 698 2176 ea,
722 2111 803 2174 quae
824 2092 1115 2177 aVercingetorige
1137 2093 1180 2158 ad
1203 2094 1335 2178 eruptio

303 2217 375 2261 nem
397 2200 585 2279 praeparata
608 2200 706 2276 erant,
729 2194 901 2278 proferunt,
924 2195 1043 2279 priores
1069 2195 1171 2262 fossas
1194 2197 1334 2281 explent,

267 2299 420 2368 adiutius
447 2298 482 2362 in
511 2297 561 2361 his
589 2298 683 2361 rebus
712 2295 971 2362 administrandis
1000 2299 1111 2364 morati
1140 2299 1228 2383 prius
1260 2319 1334 2364 suos

230 2431 231 2434 ¹
301 2401 483 2467 discessisse
500 2405 723 2484 cognoverunt,
748 2419 841 2482 quam
864 2401 1090 2468 munitionibus
1103 2401 1333 2487 appropinqua·

300 2511 379 2570 rent.
426 2505 469 2568 'ta
490 2524 525 2568 re
547 2501 665 2567 iniecta
686 2503 720 2567 in
743 2501 893 2587 oppidum
915 2510 1119 2570 reverterunt.

267 2632 280 2678 1
403 2607 583 2672 LXXXIII.
615 2606 671 2671 Bis
685 2626 801 2690 magno
817 2627 889 2672 oum
904 2606 1091 2672 detrimento
1107 2607 1224 2691 repulsi
1240 2607 1332 2689 Galli,

301 2712 376 2796 quid
398 2717 505 2796 agant,
528 2709 707 2794 consulunt;
730 2709 868 2775 locorum
889 2709 1006 2793 peritos
1027 2709 1196 2776 adhibent:
1219 2731 1260 2776 cx
1282 2711 1333 2776 his

264 2837 280 2884 a
300 2816 493 2900 superiorum
506 2820 677 2879 castrorum
688 2812 766 2878 situs
778 2813 1030 2896 munitionesque
1040 2800 1247 2898 cognoscunt.
1265 2820 1332 2879 erat

297 2941 318 2984 a
351 2917 625 3002 septemtrionibus
658 2915 759 2999 collis,
794 2935 887 2998 quem
919 2923 1047 3000 propter
1079 2916 1331 3000 magnitudinem

298 3022 444 3087 circuitus
459 3039 553 3102 opere
568 3017 779 3102 circumplecti
794 3038 858 3082 non
873 3024 1041 3102 potuerant
1056 3020 1167 3084 nostri:
1190 3039 1331 3085 necessa

297 3126 342 3190 rio
364 3143 466 3209 paene
487 3122 594 3202 iniquo
616 3121 684 3185 loco
707 3126 739 3184 et
764 3121 876 3186 leniter
906 3120 1020 3187 declivi
1050 3129 1152 3188 castra
1180 3122 1328 3188 fecerant

263 3215 376 3297 abaco
398 3225 496 3291 Gaius
510 3223 666 3288 Antistius
688 3223 829 3306 Reginus
851 3229 883 3288 et
905 3224 1003 3290 Gaius
1028 3225 1179 3310 Caninius
1201 3225 1331 3292 Rebilus

263 3328 394 3412 elegati
417 3347 488 3408 cum
510 3326 632 3392 duabus
661 3326 840 3410 legionibus
870 3327 1065 3393 obtinebant.
1112 3327 1246 3410 cognitis
1274 3349 1332 3413 per

298 3432 509 3516 exploratores
531 3429 711 3513 regionibus
735 3429 831 3494 duces
853 3429 990 3495 hostium
1011 3431 1071 3496 LX
1086 3431 1173 3494 milia
1189 3431 1331 3496 exomni

295 3555 425 3602 numero
447 3533 590 3617 deligunt
612 3553 719 3598 earum
742 3532 914 3617 civitatum,
938 3553 1020 3616 quae
1042 3533 1215 3598 maximam
1237 3533 1331 3602 virtu·
1423 3620 1425 3626 Ι

263 3663 278 3709 s
296 3639 337 3705 tis
359 3637 539 3723 opinionem
561 3635 736 3721 habebant;
760 3634 836 3718 quid
859 3656 983 3720 quoque
1004 3643 1097 3722 pacto
1118 3637 1173 3720 agi
1193 3635 1330 3720 placeat,
1470 3633 1471 3644 ’

296 3742 417 3809 occulte
445 3741 527 3804 inter
556 3759 591 3805 se
622 3738 828 3822 constituunt;
858 3738 997 3804 adeundi
1019 3745 1143 3824 tempus
1166 3739 1330 3817 definiunt,

264 3865 368 3912 rcum
391 3843 537 3908 meridies
558 3862 626 3906 esse
641 3841 793 3905 videatur.
817 3840 867 3906 his
889 3841 987 3925 copiis
1002 3841 1329 3906 Vercassivellaunum
