2936 4192
492 233 601 290 eonor.
614 235 635 287 1.
656 234 739 310 cnr.
752 234 894 291 x-xur.
1194 224 1212 284 7

284 411 357 474 XII.
382 410 515 474 Flumen
543 413 591 473 est
612 408 703 491 Arar,
734 407 818 490 quod
834 404 903 492 lper
932 409 1011 475 fines
1033 410 1214 476 Aeduorum
1233 431 1246 480 r

182 522 214 579 ct
235 515 452 596 Sequanorum
475 513 507 575 in
529 510 718 576 Rhodanum
740 511 852 595 influit,
875 512 1052 578 incredibili
1073 514 1212 598 lenitate,

181 619 281 682 itaut
302 616 409 699 oculis,
432 616 465 679 in
489 621 590 679 utram
612 620 734 698 partem
756 614 842 697 fluat,
865 615 996 680 iudicari
1017 637 1081 681 non
1103 618 1211 701 possit.

180 721 213 784 id
240 719 378 784 Helvetii
403 718 523 782 ratibus
550 737 588 781 ac
615 717 759 782 lintribus
785 718 900 782 iunctis
926 719 1110 784 transibant.
1158 721 1247 788 ubis

154 851 155 854 ¹
180 843 238 907 per
260 821 473 904 exploratores
497 820 614 885 Caesar
636 820 747 884 certior
768 819 871 886 factus
894 827 951 905 est,
974 827 1038 886 trcs
1059 822 1123 886 iam
1145 844 1213 907 par-

180 933 228 991 tes
258 927 418 1009 copiarum
445 924 607 988 Helvetios
636 922 670 987 id
699 922 816 988 flumen
846 923 1037 1009 traduxisse,
1070 932 1213 1007 quartam
1335 949 1339 956 ’

180 1029 247 1094 fere
269 1035 391 1112 partem
414 1028 492 1091 citra
513 1026 631 1091 flumen
645 1027 769 1090 Ararim
785 1027 936 1108 reliquam
956 1047 1035 1111 esse,
1059 1027 1099 1092 de
1121 1030 1214 1094 tertia

180 1132 291 1215 vigilia
314 1151 384 1194 cum
406 1130 583 1212 legionibus
606 1130 705 1194 tribus
727 1149 745 1193 e
769 1131 878 1194 castris
900 1130 1059 1214 profectus
1080 1131 1212 1198 adeam
1236 1183 1238 1186 .

180 1241 301 1318 partem
328 1233 481 1318 pervenit,
513 1251 593 1314 quae
625 1231 764 1296 nondum
791 1232 907 1297 flumen
937 1234 1112 1298 transierat.
1158 1254 1245 1302 eosa

180 1335 347 1422 impeditos
371 1341 402 1399 et
424 1335 629 1418 inopinantes
649 1354 818 1418 aggressus
845 1355 992 1418 magnam
1014 1342 1137 1421 partem
1164 1357 1212 1402 eo-

180 1461 249 1505 rum
279 1439 428 1523 coneidit;
461 1438 574 1520 reliqui
609 1458 679 1504 sese
708 1437 804 1522 fugae
837 1439 1026 1504 mandarunt
1054 1446 1149 1522 atque
1178 1442 1211 1505 in

181 1545 340 1629 proximas
362 1543 459 1608 silvas
478 1541 676 1606 abdiderunt.
714 1542 742 1606 is
763 1562 865 1626 pagus
887 1543 1105 1626 appellabatur
1119 1545 1212 1628 Tigu-
1229 1566 1246 1612 4

181 1649 280 1731 rinus3
313 1666 388 1710 nam
418 1644 520 1710 omnis
551 1645 662 1710 civitas
692 1645 839 1709 Helvetia
871 1645 904 1708 in
938 1652 1083 1728 quattuor
1112 1667 1211 1730 pagos

154 1787 156 1792 ·
181 1750 284 1814 divisa
309 1747 462 1854 estffhic
487 1766 589 1830 pagus
615 1766 705 1830 unus,
734 1766 805 1810 cum
827 1746 919 1811 domo
947 1747 1066 1813 exisset
1086 1755 1244 1832 patrume

181 1858 355 1918 nostrorum
378 1851 537 1932 memoria,
561 1850 597 1914 L.
615 1849 757 1915 Cassium
777 1849 936 1914 consulem
958 1849 1158 1914 interfecerat
1180 1859 1212 1916 et

182 1956 249 2020 eius
275 1952 447 2018 exercitum
474 1953 532 2018 sub
559 1953 668 2036 iugum
694 1951 830 2016 miserat.
875 1951 921 2014 ita
946 1953 1014 2016 sive
1041 1971 1115 2016 casu
1142 1953 1244 2024 sivee

182 2058 309 2124 consilio
332 2057 461 2121 deorum
483 2055 714 2137 immortalium,
742 2075 823 2138 quae
844 2075 918 2138 pars
941 2055 1076 2120 civitatis
1098 2057 1211 2121 Helve-

181 2163 242 2226 tiae
267 2161 425 2244 insignem
452 2159 661 2223 calamitatem
682 2159 798 2242 populo
820 2159 962 2222 Romano
978 2158 1144 2243 intulerat,
1173 2180 1211 2224 ea

181 2265 327 2348 princeps
349 2281 468 2346 poenas
489 2262 648 2345 persolvit.
691 2281 754 2344 qua
775 2261 808 2324 in
830 2281 864 2325 re
887 2261 1003 2326 Caesar
1024 2281 1087 2326 non
1110 2263 1243 2332 solumr

180 2367 331 2450 publicas,
354 2364 411 2431 sed
434 2366 528 2430 etiam
549 2365 690 2448 privatas
708 2364 838 2430 iniurias
852 2365 936 2429 ultus
956 2370 1013 2448 est,
1036 2364 1120 2446 quod
1142 2366 1210 2431 cius

180 2470 279 2534 soceri
304 2470 340 2533 L.
367 2469 491 2533 Pisonis
520 2487 625 2550 avum,
655 2468 691 2532 L.
719 2467 867 2532 Pisonem
888 2468 1037 2550 legatum,
1067 2467 1210 2552 Tigurini

180 2572 290 2636 codem
313 2572 441 2656 proelio,
464 2591 525 2653 quo
549 2571 702 2654 Cassium,
725 2570 956 2634 interfecerant.

282 2675 371 2739 XIII.
396 2675 465 2739 Hoc
483 2674 602 2757 proelio
617 2673 701 2738 facto
720 2673 857 2755 reliquas
873 2673 979 2756 copias
994 2673 1208 2738 Helvetiorum
1228 2698 1241 2743 r

178 2786 214 2844 ut
243 2778 392 2861 consequi
420 2784 540 2862 posset,
570 2783 699 2862 pontem
728 2777 762 2841 in
788 2777 886 2840 Arare
912 2774 1093 2840 faciendum
1123 2785 1210 2842 curat

179 2889 274 2965 atque
294 2881 340 2944 ita
361 2881 534 2945 exercitum
556 2879 699 2944 traducit.
737 2879 875 2943 Helvetii
893 2879 1059 2963 repentino
1075 2879 1142 2944 eius
1157 2879 1243 2950 ads

179 2991 277 3049 ventu
300 2984 455 3067 commoti,
480 3004 550 3048 cum
572 2983 614 3067 id,
638 2982 723 3066 quod
743 2983 805 3066 ipsi
828 2981 939 3047 diebus
953 2983 1017 3046 XX
1036 2983 1209 3066 aegerrime

180 3088 388 3170 confecerant,
416 3093 450 3151 ut
471 3087 588 3152 flumen
615 3086 794 3170 transirent,
821 3086 909 3150 illum
936 3106 999 3151 uno
1022 3085 1073 3150 dic
1095 3085 1209 3151 fecisse

179 3192 410 3275 intellegerent,
441 3191 563 3274 legatos
588 3191 629 3254 ad
657 3211 728 3254 eum
754 3189 894 3273 mittunt,
926 3187 1014 3254 cuius
1042 3189 1209 3271 legationis

180 3294 290 3358 Divico
312 3295 458 3378 princeps
480 3294 549 3378 fuit,
573 3293 626 3377 qui
648 3294 731 3357 bello
747 3293 898 3359 Cassiano
914 3291 979 3356 dux
994 3292 1208 3356 Helvetiorum

179 3398 289 3462 fuerat.
334 3397 362 3462 is
384 3397 429 3460 ita
451 3417 521 3460 cum
545 3397 680 3462 Caesare
708 3396 785 3479 egit:
813 3396 839 3460 si
861 3415 973 3478 pacem
995 3394 1129 3478 populus
1150 3395 1242 3462 Ros

179 3519 291 3564 manus
308 3519 378 3564 cum
393 3499 547 3564 Helvetiis
562 3498 689 3581 faceret,
712 3499 745 3562 in
766 3518 834 3562 eam
854 3504 976 3581 partem
995 3497 1092 3561 ituros
1114 3501 1209 3578 atque

179 3601 223 3665 ibi
245 3602 365 3666 futuros
387 3602 559 3683 Helvetios,
586 3601 641 3666 ubi
665 3621 718 3666 eos
742 3601 858 3666 Caesar
881 3599 1093 3664 constituisset
1114 3604 1209 3680 atque

179 3723 248 3769 esse
275 3705 438 3788 voluisset3
469 3705 517 3770 sin
544 3705 627 3768 bello
653 3705 800 3788 persequi
825 3707 1056 3786 perseveraret,
1085 3700 1243 3768 remini-4

179 3813 317 3872 sceretnr
337 3814 369 3872 et
387 3808 503 3872 veteris
522 3808 711 3871 incommodi
730 3807 838 3890 populi
853 3805 987 3870 Romani
1008 3809 1039 3867 ct
1057 3802 1208 3886 pristinae
