2960 4192
336 246 396 309 198
672 258 722 312 DE
740 257 856 314 BELLO
875 256 1036 312 GALLICO

332 455 434 502 sarem
446 435 567 519 legatos
577 439 761 518 petuntque,
777 437 813 497 ut
824 451 862 496 ea
872 450 976 516 poena
991 430 1032 496 sit
1043 435 1210 496 contentus
1221 428 1370 514 bostium,

333 559 427 621 quam
450 537 476 601 si
500 537 569 602 sine
584 535 786 602 dimicatione
808 533 926 598 inferre
940 533 1073 618 integris
1095 539 1210 618 posset,
1233 553 1290 617 pro
1312 551 1370 598 sua

333 641 500 706 clementia
515 647 611 722 atquc
626 638 823 704 humanitate
842 657 1014 720 numquam
1036 635 1176 722 profecto
1200 641 1284 702 esset
1304 635 1370 701 illa·

298 750 429 813 sturus.
468 742 602 808 afflictas
625 762 701 828 opes
724 740 861 824 equestri
883 740 1001 824 proeIIo
1023 740 1262 806 Bellovacorum
1285 759 1369 826 csse,

333 847 523 912 delectorum
545 845 688 930 peditum
710 845 810 910 multa
831 843 917 908 milia
946 843 1100 927 interisse,
1124 842 1181 908 vir
1214 842 1370 928 refugisse

298 950 460 1020 enuntios
483 949 597 1015 caedis.
640 955 748 1014 tamen
770 967 931 1031 magnum,
954 947 1044 1011 utin
1066 952 1157 1011 tanta
1180 946 1369 1028 calamitate,

332 1054 517 1119 Bellovacos
540 1073 577 1118 eo
599 1051 717 1136 proelio
740 1049 937 1116 commodum
961 1070 1030 1115 esse
1061 1055 1254 1134 consecutos,
1285 1049 1371 1132 quod

334 1157 477 1240 Correus,
500 1162 608 1221 auctor
629 1155 714 1239 belli,
739 1155 911 1221 concitator
933 1153 1153 1236 multitudinis,
1178 1159 1261 1218 esset
1275 1153 1370 1218 inter-

333 1259 443 1324 fectus.
489 1279 661 1342 numquam
685 1259 768 1322 cuim
792 1264 935 1324 senatum
959 1263 1081 1322 tantum
1108 1257 1141 1321 in
1164 1257 1294 1322 civitate
1315 1257 1371 1323 illo

332 1363 416 1446 viro,
440 1370 591 1445 quantum
614 1363 792 1447 imperitam
816 1363 952 1446 plebem,
976 1361 1123 1446 potuisse.
1463 1349 1464 1364 ἢ

299 1487 313 1535 1
436 1467 541 1530 XXII.
575 1467 664 1532 Haec
686 1466 847 1532 orantibus
869 1465 982 1548 legatis
999 1471 1220 1530 commemorat
1236 1465 1370 1530 Caesar:
1463 1467 1464 1552 ᾗ

333 1568 445 1636 codem
481 1576 622 1654 tempore
655 1570 814 1654 superiore
848 1589 932 1634 anno
965 1569 1150 1634 Bellovacos
1184 1573 1372 1651 ceterasque
1463 1567 1464 1570 ’

334 1673 454 1739 Galliae
477 1673 622 1738 civitates
644 1673 819 1758 suscepisse
834 1674 966 1758 bellum;
989 1672 1238 1757 perticacissime
1253 1671 1312 1738 hos
1328 1693 1370 1738 ex

333 1777 479 1843 omnibus
508 1777 542 1842 in
572 1777 731 1843 sententia
760 1777 972 1862 permansisse
1001 1796 1106 1859 neque
1136 1775 1179 1840 ad
1200 1775 1371 1842 sanitatem

299 1881 522 1963 rrequuorum
545 1879 704 1946 deditione
728 1900 797 1968 esse
823 1879 1000 1964 perductos.
1046 1879 1125 1945 scire
1155 1885 1251 1962 atque
1279 1879 1371 1945 intel·

332 1983 438 2068 legere
473 2003 523 2067 se,
559 2003 687 2048 causam
716 1983 839 2068 peccati
868 1981 1018 2048 facillime
1050 1981 1181 2048 mortuis
1215 1982 1369 2068 delegari.

333 2089 492 2152 neminem
515 2108 589 2152 vero
612 2094 735 2151 tantum
757 2088 883 2172 pollere,
907 2093 942 2151 ut
964 2087 1072 2152 invitis
1094 2085 1299 2171 principibus,
1322 2107 1371 2152 re·

335 2191 465 2254 sistente
499 2199 621 2272 senatu,
655 2192 800 2255 omnibus
833 2190 925 2256 bonis
959 2189 1209 2274 repugnantibus
1242 2189 1371 2256 infirma

334 2313 430 2358 manu
459 2293 561 2377 plebis
590 2293 707 2358 bellum
730 2293 887 2359 concitare
917 2299 950 2359 et
971 2313 1080 2379 gerere
1102 2299 1221 2378 posset;
1246 2293 1302 2359 sed
1324 2300 1371 2359 ta-

334 2415 407 2460 men
437 2416 471 2461 se
502 2401 683 2462 contentum
713 2395 779 2462 sore
802 2416 840 2462 ea
870 2417 983 2481 poena,
1014 2416 1109 2479 quam
1131 2395 1275 2480 sibiipsi
1298 2417 1372 2462 con-

335 2499 516 2565 traxissent.

303 2623 313 2669 r
438 2604 559 2668 XXIII.
604 2603 706 2669 Nocte
728 2603 907 2686 insequenti
929 2603 1027 2686 legati
1049 2623 1201 2688 responsa
1223 2601 1266 2668 ad
1295 2623 1372 2671 suos

334 2707 483 2790 referunt,
506 2705 633 2773 obsides
656 2706 832 2772 conficiunt.
872 2712 1060 2772 concurrunt
1082 2707 1272 2790 reliquarum
1295 2707 1371 2773 civi-

335 2816 435 2874 tatum
456 2810 564 2894 legati,
588 2830 669 2892 quae
683 2810 921 2874 Bellovacorum
942 2809 1185 2893 speculabantur
1208 2817 1371 2876 eventum.

301 2913 460 2980 robsides
489 2911 575 2997 dant,
606 2913 761 2997 imperata
782 2911 911 2994 faciunt,
942 2917 1075 2997 excepto
1099 2913 1249 2997 Commio,
1274 2934 1372 2997 quem

335 3017 427 3081 timor
448 3015 637 3100 prohibebat
660 3015 845 3097 cuiusquam
867 3015 943 3080 fidei
966 3035 1055 3080 suam
1071 3017 1266 3081 committere
1288 3019 1373 3082 salu-

301 3125 407 3186 atem.
452 3139 526 3183 nam
556 3117 715 3202 superiore
744 3139 827 3184 anno
850 3120 939 3184 Titus
968 3119 1138 3202 Labienus
1170 3120 1305 3186 Caesare
1335 3121 1372 3185 in

336 3221 438 3286 Galba
460 3221 602 3287 citeriore
620 3222 673 3292 ,ius
703 3220 839 3304 dicente,
871 3242 941 3287 cum
966 3223 1146 3289 Commium
1165 3225 1373 3308 comperisset

335 3324 502 3390 sollicitare
535 3324 679 3391 civitates
713 3331 744 3390 et
777 3325 1022 3392 coniurationem
1057 3333 1166 3392 contra
1200 3327 1372 3393 Caesarem

334 3426 447 3512 Iacere,
471 3426 688 3493 infidelitatem
712 3427 779 3494 eius
801 3429 870 3494 sine
892 3429 956 3494 ulla
974 3429 1107 3514 pertidia
1122 3429 1272 3494 iudicavit
1287 3450 1373 3497 com-

300 3531 425 3616 rprimi
455 3551 556 3614 posse.
604 3551 697 3614 quem
728 3532 803 3614 quia
831 3553 895 3598 non
925 3533 1137 3598 arbitrabatur
1159 3539 1305 3599 uocatum
1334 3535 1373 3599 in

335 3643 438 3699 castra
453 3641 629 3719 venturum,
653 3654 694 3699 ne
716 3635 901 3719 temptando
917 3636 1088 3702 cautiorem
1103 3637 1229 3720 faceret,
1254 3637 1373 3702 Gaium

334 3738 526 3802 Volusenum
550 3735 745 3813 Quadratum
768 3737 862 3822 misit,
887 3739 940 3820 qui
964 3759 1035 3804 eum
1058 3759 1115 3823 per
1137 3741 1373 3806 simulationem

335 3839 478 3920 colloquii
503 3845 625 3903 curaret
655 3839 916 3905 interficiendum.
962 3841 1004 3906 ad
1035 3860 1105 3906 eam
1134 3861 1201 3906 rem
1231 3841 1375 3910 delectos
