2966 4196
293 248 355 313 124
627 263 677 317 DE
694 263 810 320 BELLO
829 263 990 320 GALLICO

255 459 272 507 s
290 417 444 522 supplicia
459 456 575 517 eorum,
596 437 704 519 quiin
726 436 809 501 furto
832 443 886 501 ant
908 437 942 501 in
964 437 1125 502 latrocinio
1140 443 1196 502 aut
1217 437 1326 520 aliqua

289 561 375 607 noxa
404 541 467 606 sint
497 539 723 626 comprehensi,
753 539 891 622 gratiora
921 539 969 605 dis
998 540 1225 606 immortalibus
1253 561 1325 607 esse

289 643 492 728 arbitrantur3
520 641 577 708 sed
604 663 674 708 cum
704 642 771 707 eius
800 643 927 727 generis
954 643 1052 728 'copia
1078 642 1203 728 defecit,
1227 644 1325 708 etiam

289 745 332 810 ad
353 745 568 811 innocentium
590 745 744 830 supplicia
766 745 971 812 descendunt.
1054 792 1056 796 .

258 871 270 918 ι
392 845 503 913 XVII.v
539 849 642 912 Deum
675 849 814 914 maxime
846 851 1033 915 Mercurium
1067 851 1180 915 colunt.
1229 848 1325 914 huius

289 959 362 1018 sunt
383 952 518 1036 plurima
539 951 716 1032 simulacra,
738 951 823 1016 huno
837 953 976 1017 omnium
997 954 1194 1018 inventorem
1208 953 1323 1016 artium

288 1055 403 1135 ferunt,
437 1054 522 1118 hunc
551 1053 675 1118 riarum
707 1060 803 1137 atque
831 1055 979 1120 itinerum
1009 1055 1130 1137 ducem,
1165 1056 1249 1120 bunc
1278 1055 1322 1118 ad

289 1163 438 1241 quaestus
466 1157 621 1241 pecuniae
643 1165 897 1241 mercaturasque
919 1159 1037 1224 habere
1058 1159 1123 1223 vim
1150 1158 1323 1222 maximam

255 1283 270 1330 a
288 1261 490 1326 arbitrantur.
535 1266 606 1344 post
628 1259 713 1326 hunc
734 1261 912 1344 Apollinem
936 1268 967 1326 et
989 1263 1121 1326 Martem
1152 1267 1184 1325 et
1213 1263 1322 1326 Iovem

289 1371 321 1430 et
342 1364 527 1428 Minervam.
573 1362 614 1428 de
636 1363 685 1430 his
708 1364 842 1429 eandem
865 1365 931 1429 fere
954 1384 1049 1446 quam
1077 1365 1218 1446 reliquae
1247 1384 1322 1447 gen·

288 1474 336 1532 tes
362 1466 482 1531 habent
509 1466 703 1550 opinionem:
730 1468 908 1552 Apollinem
930 1462 1054 1532 morbos
1077 1466 1244 1552 depellere,
1267 1468 1322 1532 Mi·

289 1590 420 1636 nervam
442 1589 571 1654 operum
593 1575 689 1652 atque
711 1569 912 1634 artificiorum
934 1570 1025 1634 initia
1047 1569 1181 1651 tradere,
1212 1571 1321 1635 Iovem

254 1696 270 1743 s
288 1674 453 1758 imperium
476 1673 658 1738 caelestium
680 1680 798 1755 tenere,
820 1674 952 1738 Martem
975 1674 1058 1738 bella
1084 1692 1203 1756 regere.
1237 1673 1320 1757 huic,

288 1797 359 1843 cum
381 1776 499 1861 proelio
522 1775 673 1842 dimicare
695 1777 931 1860 constituerunt,
952 1797 999 1856 ea,
1024 1796 1105 1859 quae
1127 1777 1209 1841 bello
1233 1795 1321 1860 cepe·

287 1882 359 1962 rint,
389 1881 573 1964 plerumque
603 1877 774 1966 devovent,
805 1901 876 1946 cunr
906 1885 1143 1964 superaverunt,
1172 1879 1321 1944 animalia

288 1991 381 2068 capta
413 1983 577 2048 immolant
610 1984 809 2066 reliquasque
841 2004 893 2048 res
925 1984 960 2047 in
991 2003 1090 2048 unum
1119 1983 1221 2048 locum
1251 2003 1321 2048 con-

254 2087 402 2155 dierunt.
455 2085 562 2150 multis
591 2085 625 2149 in
655 2086 836 2152 civitatibus
868 2087 980 2152 harum
1008 2106 1113 2152 rerum
1146 2093 1322 2152 exstructos

254 2189 422 2258 stumulos
451 2189 529 2252 locis
560 2190 749 2254 consecratis
779 2191 954 2274 conspicari
983 2190 1069 2275 licet;
1100 2210 1203 2272 neque
1225 2210 1321 2274 saepe
1425 2201 1426 2211 ¹

287 2291 412 2374 accidit,
442 2297 477 2354 ut
503 2291 648 2374 neglecta
679 2293 833 2376 quispiam
862 2293 1014 2377 religione
1043 2301 1098 2358 aut
1121 2300 1214 2378 capta
1235 2292 1320 2378 apud
1368 2298 1371 2305 '

289 2414 323 2460 sc
346 2393 501 2459 occultare
522 2399 578 2458 aut
606 2394 710 2478 posita
730 2395 839 2460 tollere
867 2395 1007 2478 auderet,
1037 2397 1320 2480 gravissimumque

289 2498 318 2562 ei
340 2497 386 2562 rei
408 2496 595 2581 supplicium
619 2517 689 2562 cum
712 2499 849 2564 cruciatu
872 2501 1074 2564 constitutum
1097 2505 1153 2565 est.

256 2625 269 2671 1
391 2602 510 2666 XVIII.
557 2601 639 2666 Galli
669 2621 703 2668 se
732 2622 841 2667 omnes
870 2603 911 2668 ab
941 2603 1015 2667 Dite
1037 2609 1127 2686 patre
1150 2611 1320 2687 prognatos

253 2727 269 2774 r
287 2705 472 2791 praedicant
493 2705 588 2786 idque
610 2707 650 2770 ab
667 2704 830 2783 druidibus
851 2705 1008 2789 proditum
1031 2705 1147 2770 dicunt.
1186 2707 1226 2770 ob
1250 2726 1319 2770 eam

288 2829 415 2874 causam
445 2808 548 2892 spatia
569 2807 670 2871 omnis
693 2808 842 2892 temporis
863 2828 927 2873 non
950 2828 1079 2873 numero
1103 2808 1233 2890 dierum,
1263 2808 1320 2874 sed

286 2911 425 2976 noctium
454 2909 581 2993 finiunt,
613 2909 680 2974 dies
709 2910 832 2976 natales
861 2917 893 2975 et
920 2911 1076 2976 mensium
1106 2917 1137 2976 et
1166 2932 1318 2976 annorum
1399 2916 1400 2920 ’

253 3015 378 3083 sinitis
400 3013 446 3078 sic
467 3013 646 3092 observant,
669 3019 705 3076 ut
726 3018 851 3077 noctem
874 3013 942 3078 dies
964 3015 1181 3095 subsequatur.
1219 3014 1253 3077 in
1275 3035 1319 3078 re·

285 3118 380 3200 liquis
394 3117 480 3180 vitae
503 3115 654 3180 institutis
676 3115 736 3180 hoe
757 3115 824 3180 fere
845 3117 886 3182 ab
908 3117 1036 3199 reliquis
1052 3117 1211 3198 differunt,
1235 3115 1317 3200 quod

287 3239 359 3285 suos
388 3219 512 3299 liberos,
543 3217 604 3283 nisi
635 3238 705 3283 cum
734 3217 949 3302 adoleverunt,
980 3228 1013 3284 ut
1043 3240 1158 3285 munus
1189 3221 1319 3284 militiae

286 3323 440 3388 sustinere
461 3319 593 3404 possint,
616 3320 721 3404 palam
742 3320 785 3385 ad
799 3341 834 3387 se
848 3321 937 3387 adire
952 3343 1015 3388 non
1029 3323 1191 3407 patiuntur
1210 3323 1319 3386 filium·

287 3445 347 3508 que
369 3423 481 3508 puerili
503 3428 608 3502 aetate
630 3423 663 3485 in
686 3423 811 3506 publico
825 3424 859 3488 in
875 3431 1043 3508 conspectu
1058 3426 1158 3510 patris
1172 3425 1319 3490 assistere

285 3535 376 3612 turpe
398 3525 525 3591 ducunt.

253 3653 266 3700 1
388 3631 478 3696 XIX.
524 3629 605 3710 Viri,
637 3635 772 3710 quantas
805 3631 956 3713 pecunias
984 3632 1025 3696 ab
1056 3632 1207 3697 uxoribus
1237 3631 1319 3696 dotis

286 3735 413 3800 nomine
442 3737 641 3816 acceperunt,
672 3737 778 3796 tantas
808 3753 849 3797 ex
882 3733 947 3798 suis
979 3735 1071 3799 bonis
1100 3735 1319 3799 aestimatione

253 3838 371 3904 efacta
393 3857 464 3901 cum
487 3834 612 3900 dotibus
635 3835 875 3900 communicant.
920 3835 1014 3902 huius
1035 3837 1137 3902 omnis
1165 3837 1318 3920 pecuniae
