2960 4192
448 215 555 271 COMM.
568 217 647 272 VIII.
666 217 748 272 oAP.
761 219 1028 276 XXIII—XXXIV.
1192 209 1255 274 203

324 389 461 453 XXXII.
492 389 535 454 At
556 389 701 475 Drappes
723 404 849 474 unaque
871 393 1043 478 Lucterius,
1068 415 1138 462 cum
1161 397 1254 481 legio
1276 421 1287 466 r

220 513 277 557 nes
294 493 523 574 Caniniumque
545 492 658 558 adesse
681 503 915 579 cognoscerent,
939 517 999 561 nec
1021 517 1055 563 se
1078 499 1147 565 sine
1170 506 1255 565 certa

220 595 360 679 pernicie
382 602 592 679 persequente
615 597 755 662 exercitu
785 605 932 682 putarent
962 601 1143 684 provinciae
1174 603 1254 668 fines

220 700 337 763 intrare
366 717 459 782 posse
489 719 549 762 nec
577 699 641 763 iam
672 699 770 764 libere
792 701 931 785 vagandi
961 703 1253 789 latrociniorumque

220 801 435 867 faciendorum
465 801 647 868 facultatem
677 803 840 886 haberent,
870 805 903 869 in
933 806 1049 873 finibus
1079 810 1253 874 consistunt

220 906 441 974 Cadurcorum.
486 906 531 971 ibi
554 927 625 971 oum
647 907 810 974 Lucterius
833 909 917 992 apud
941 930 1012 975 suos
1042 912 1128 977 cives
1158 932 1286 994 quon-a

220 1011 293 1076 dam
315 1010 446 1094 integris
469 1011 563 1074 rebus
593 1011 723 1074 multum
751 1013 904 1095 potuisset
931 1033 1117 1098 semperque
1146 1021 1253 1080 auctor

219 1135 371 1180 novorum
395 1114 592 1178 consiliorum
615 1135 763 1198 magnam
794 1115 880 1200 apud
909 1119 1060 1184 barbaros
1089 1120 1252 1184 auctorita-

218 1226 283 1285 tem
312 1217 453 1301 haberet‚
484 1216 634 1301 oppidum
657 1218 900 1304 Uxellodunum,
931 1220 1014 1305 quod
1043 1221 1076 1286 in
1107 1223 1252 1288 clientela

218 1323 322 1387 fuerat
352 1322 428 1411 eius,
459 1321 585 1405 egregie
615 1327 728 1386 natura
750 1323 809 1387 loci
829 1324 993 1409 munitum,
1025 1333 1157 1410 occupat
1186 1326 1251 1392 suis

218 1432 250 1491 et
272 1425 442 1509 Drappetis
465 1424 563 1508 copiis
585 1425 822 1509 oppidanosque
845 1427 905 1492 sibi
932 1428 1103 1512 coniungit.

321 1528 475 1593 XXXIII.
522 1525 591 1602 Quo
622 1547 692 1592 cum
715 1528 880 1594 confestim
904 1531 1001 1596 Gaius
1024 1532 1176 1597 Caninius
1198 1551 1250 1597 ve·
1269 1553 1282 1600 1

155 1703 156 1706 ,
218 1633 317 1698 nisset
338 1629 675 1714 animadverteretque,
698 1651 807 1697 omues
830 1632 938 1716 oppidi
967 1640 1072 1718 partes
1102 1655 1250 1719 praerup-

218 1735 346 1802 tissimis
368 1733 455 1800 saxis
478 1752 547 1798 esse
569 1733 715 1818 munitas,
740 1755 800 1817 quo
823 1733 1014 1801 defendente
1036 1737 1121 1802 nullo
1142 1743 1249 1802 tamen

217 1839 346 1905 armatis
368 1836 540 1903 ascendere
563 1843 646 1902 esset
675 1837 812 1922 difficile,
843 1859 960 1922 magna
989 1845 1094 1904 autem
1120 1839 1249 1924 impedi-

216 1948 324 2008 menta
352 1939 581 2026 oppidanorum
610 1940 741 2022 videret,
776 1961 856 2024 quae
886 1942 913 2007 si
943 1941 1140 2008 clandestina
1172 1943 1249 2028 fuga

217 2045 400 2113 subtrahere
416 2050 610 2128 conarentur,
632 2045 771 2128 effugere
793 2065 856 2109 non
878 2045 970 2110 modo
986 2046 1168 2128 equitatum,
1191 2045 1248 2111 scd

216 2172 257 2217 ne
278 2150 420 2234 legiones
443 2147 569 2231 quidem
590 2153 728 2232 possent,
751 2148 906 2234 tripertito
929 2148 1107 2216 cohortibus
1137 2149 1247 2216 divisis

216 2257 299 2320 trina
321 2251 534 2319 excelsissimo
557 2251 625 2316 loco
648 2258 751 2318 castra
773 2251 862 2339 fecit;
892 2273 918 2338 a
943 2253 1056 2337 quibus
1085 2253 1246 2340 paulatim,
1266 2273 1281 2320 a

216 2363 367 2442 quantum
391 2355 499 2440 copiae
521 2355 731 2438 patiebantur,
755 2357 871 2421 vallum
893 2357 927 2422 in
954 2357 1063 2442 oppidi
1085 2357 1247 2423 circuitum

216 2462 330 2527 ducere
351 2459 495 2525 instituit.

317 2563 468 2628 XXXIV.
511 2561 602 2638 Quod
625 2582 695 2626 cum
717 2564 1005 2630 animadverterent
1027 2563 1178 2648 oppidani
1193 2563 1246 2627 mi·
1266 2584 1278 2630 1

128 2725 132 2733 .
215 2669 407 2750 serrImaque
428 2665 554 2730 Alesiae
576 2665 727 2730 memoria
748 2666 872 2730 solliciti
894 2667 1028 2732 similem
1059 2685 1166 2730 casum
1195 2666 1246 2731 ob-

215 2771 364 2837 sessionis
385 2775 576 2852 venerantur,
607 2769 807 2852 maximeque
837 2788 877 2834 ex
905 2769 1050 2834 omnibus
1071 2769 1244 2850 Lucterius,

215 2877 268 2959 qui
290 2875 434 2940 fortunae
455 2873 537 2938 illius
567 2872 739 2957 periculum
770 2871 897 2954 fecerat,
927 2877 1069 2936 moueret
1097 2870 1245 2936 frumenti

214 2980 367 3044 rationem
390 2997 460 3043 esse
483 2975 672 3056 habendam,
703 2975 894 3041 constituunt
923 2975 1062 3040 omnium
1092 2994 1245 3040 consensu

214 3088 304 3166 parte
325 3081 370 3148 ibi
393 3080 502 3145 relicta
524 3079 683 3164 copiarum
707 3077 767 3161 ipsi
791 3098 861 3143 cum
885 3077 1042 3161 expeditis
1064 3076 1106 3141 ad
1135 3077 1245 3162 impor-

214 3184 344 3249 tandum
367 3183 558 3248 frumentum
580 3179 744 3265 proficisci.
791 3199 827 3246 eo
858 3181 986 3246 consilio
1015 3183 1147 3266 probato
1177 3203 1278 3267 pro-a

214 3289 300 3352 xima
321 3293 414 3352 nocte
441 3285 562 3352 duobus
592 3283 718 3349 milibus
746 3290 936 3349 armatorum
965 3283 1081 3351 relictis
1110 3286 1245 3369 reliquos

214 3413 254 3457 ex
285 3390 399 3476 oppido
429 3391 575 3473 Drappes
609 3394 640 3453 et
672 3388 835 3454 Lucterius
870 3386 1015 3454 educunt.
1061 3389 1095 3453 hi
1127 3411 1278 3474 paucosa

213 3495 281 3560 dies
304 3492 414 3559 morati
438 3513 479 3557 ex
494 3491 609 3557 finibus
626 3489 846 3575 Cadurcorum,
864 3491 917 3574 qui
932 3492 1046 3576 partim
1060 3512 1095 3557 re
1110 3492 1245 3558 frumen·

213 3599 292 3663 taria
304 3597 469 3663 sublevare
481 3615 534 3660 eos
550 3595 729 3678 cupiebant,
744 3593 858 3678 partim
873 3594 1048 3678 prohibere,
1065 3616 1126 3678 quo
1141 3597 1245 3662 minus

213 3707 388 3780 sumerent,
424 3719 488 3764 non
521 3703 683 3782 poterant,
719 3717 869 3781 magnum
899 3717 1062 3762 numerum
1097 3698 1245 3764 frumenti

212 3812 404 3888 comparant,
428 3819 664 3882 nonnumquam
687 3806 792 3864 autem
816 3799 1070 3883 expeditionibus
1086 3803 1244 3867 nocturnis
