2966 4196
295 240 357 302 170
629 257 679 310 DE
696 256 813 312 BELLO
830 257 992 313 GALLICO

293 427 381 492 cuius
405 427 502 492 ductu
519 447 752 510 ⁴saepenumero
767 427 874 494 hostes
893 435 1105 513 superassent,
1128 436 1332 514 praesentem

248 549 274 596 a
292 528 407 594 adesse
430 529 657 613 existimarent,
681 529 737 594 dat
759 530 885 614 signum
908 531 1027 616 proelii.
1051 532 1152 617 primo
1175 552 1331 599 concursu

217 655 219 660 ’
292 631 332 696 ab
363 632 476 698 dextro
504 653 610 714 comu,
640 633 695 698 ubi
726 634 862 718 septima
892 635 975 719 legio
1006 635 1197 719 constiterat,
1223 635 1336 702 hostes

257 735 450 817 rpelluntur
471 741 566 818 atque
588 735 622 800 in
645 736 754 820 fugam
777 737 986 822 coniciuntur;
1010 739 1051 803 ab
1075 738 1211 823 sinistro,
1235 759 1333 821 quem

291 837 393 902 locum
424 837 612 902 duodecima
642 839 726 924 legio
747 840 886 921 tenebat,
918 860 989 904 oum
1011 840 1106 925 primi
1128 840 1254 906 ordines
1276 841 1332 906 ho

291 941 385 1006 stium
408 941 553 1006 transfixi
576 942 648 1006 telis
671 941 893 1027 concidissent,
918 949 1026 1008 tamen
1048 944 1201 1008 acerrime
1216 943 1332 1026 reliqui

290 1043 495 1127 resistebant,
537 1063 597 1108 neo
635 1043 733 1109 dabat
767 1045 981 1128 suspicionem
1018 1045 1114 1129 fugae
1151 1046 1331 1128 quisquam.

257 1147 361 1230 oipse
383 1145 450 1210 dux
471 1145 609 1211 hostium
625 1146 858 1230 Camulogenus
872 1147 938 1213 suis
953 1147 1064 1212 aderat
1085 1153 1182 1231 atquc
1205 1168 1258 1214 cos
1280 1168 1332 1214 co

257 1249 483 1319 ohortabatur.
533 1248 652 1312 incerto
686 1249 782 1313 etiam
815 1269 901 1315 nunc
935 1250 1023 1315 exitu
1056 1249 1221 1335 victoriae,
1256 1271 1329 1316 oum

291 1352 444 1436 septimae
458 1351 592 1434 legionis
606 1351 741 1417 tribunis
756 1359 840 1418 esset
850 1353 1038 1436 nuntiatum,
1056 1373 1137 1434 quae
1152 1353 1186 1418 11
1201 1354 1332 1420 sinistro

291 1475 387 1520 cornu
408 1461 601 1538 gererentur,
624 1461 696 1538 post
717 1461 841 1538 tergum
871 1455 1008 1520 hostium
1038 1456 1197 1540 legionem
1226 1464 1329 1522 osten·

257 1579 272 1626 1
290 1557 404 1622 derunt
426 1557 580 1641 signaque
601 1557 783 1624 intulerunt.
807 1577 848 1623 ne
871 1578 908 1623 eo
931 1557 1059 1641 quidem
1082 1565 1223 1644 tempore
1246 1560 1327 1641 quis·

290 1681 386 1742 quam
415 1661 483 1726 loco
514 1660 617 1742 cessit,
648 1659 706 1726 sed
735 1661 941 1726 circumventi
964 1681 1074 1726 omnes
1104 1661 1329 1744 interfectique

255 1770 372 1833 esunt.
419 1763 553 1829 eandem
576 1763 734 1830 fortunam
763 1764 834 1828 tulit
858 1764 1099 1847 Camulogenus.
1144 1770 1178 1828 at
1206 1764 1239 1847 ii,
1271 1764 1326 1846 qui

289 1867 322 1930 in
355 1865 513 1951 praesidio
547 1873 656 1932 contra
690 1872 794 1932 castra
822 1866 957 1931 Labieni
991 1871 1081 1932 erant
1111 1866 1221 1949 relicti,
1254 1887 1326 1931 cum

289 1969 442 2054 proelium
460 1969 665 2034 commissum
687 1969 861 2050 audissent,
885 1967 1025 2034 subsidio
1048 1969 1113 2034 suis
1135 1969 1239 2034 ierunt
1265 1971 1325 2034 col·

288 2074 414 2155 lemque
437 2078 596 2157 ceperunt,
619 2091 723 2153 neque
745 2077 921 2137 nostrorum
943 2072 1077 2136 militum
1093 2071 1248 2137 victorum
1269 2071 1325 2136 im-

161 2237 162 2240 ,
255 2182 398 2259 opetum
431 2175 585 2240 sustinere
617 2180 796 2259 potuerunt.
842 2174 888 2240 si'o
922 2194 993 2238 eum
1027 2174 1092 2240 suis
1124 2172 1325 2258 fugientibus

289 2277 447 2361 permixti,
471 2296 548 2358 quos
570 2296 634 2340 non
657 2276 757 2340 silvae
779 2283 966 2359 montesque
987 2283 1145 2358 texerunt,
1175 2277 1216 2341 ab
1239 2277 1324 2359 equi-

241 2400 271 2449 10
289 2386 356 2444 tatu
380 2385 453 2444 suut
474 2378 640 2442 interfecti.
685 2378 746 2444 hoo
767 2379 894 2462 negotio
922 2379 1065 2445 confecto
1087 2380 1248 2444 Labienus
1277 2399 1323 2444 re-

288 2482 420 2547 vertitur
448 2480 661 2565 Agedincum,
691 2481 746 2547 ubi
776 2481 1004 2566 impedimenta
1037 2482 1132 2548 totius
1166 2482 1324 2548 exercitus
1354 2523 1358 2528 .

288 2586 396 2651 relicta
419 2592 522 2668 erant;
545 2583 621 2650 inde
643 2584 696 2669 die
717 2585 810 2650 tertio
830 2605 901 2650 oum
916 2585 1061 2649 omuibus
1076 2585 1175 2668 copiis
1189 2583 1231 2648 ad
1247 2585 1324 2650 Cae

288 2709 391 2755 sarem
413 2689 566 2773 pervenit.

150 2794 152 2804 '
256 2814 268 2860 r
389 2792 506 2857 LXIII.
530 2790 716 2856 Defectione
737 2789 919 2854 Aeduorum
941 2789 1068 2872 cognita
1089 2788 1207 2854 bellum
1229 2808 1321 2872 auge

253 2902 345 2962 1111.
390 2895 566 2978 legationes
588 2893 622 2958 in
645 2911 754 2958 omnes
776 2898 883 2976 partes
906 2891 1202 2976 circummittuntur3
1227 2911 1322 2974 quan·

287 3005 354 3063 tum
375 2999 487 3082 gratia,
510 2995 706 3076 auctoritate,
729 2995 867 3079 pecunia
888 2995 1006 3076 valent,
1036 2992 1079 3058 ad
1109 2994 1323 3060 sollicitandas

252 3101 432 3169 salvitates
453 3101 609 3182 nituntur;
632 3097 718 3163 nacti
739 3096 876 3177 obsides,
904 3117 982 3180 quos
1005 3093 1122 3162 'Caesar
1150 3084 1237 3179 apud
1268 3116 1322 3162 eos

251 3203 484 3287 edeposuerat,
507 3202 617 3267 horum
640 3200 793 3284 supplicio
816 3199 998 3266 dubitantes
1021 3198 1173 3263 territant.
1208 3203 1323 3281 petunt

286 3327 307 3370 a
321 3305 577 3390 Vercingetorige
597 3302 709 3386 Aedui,
731 3308 767 3368 ut
788 3301 830 3367 ad
853 3322 887 3368 se
902 3301 1009 3366 veniat
1024 3301 1224 3382 rationesque
1245 3299 1322 3366 belli

252 3407 418 3492 egerendi
441 3405 657 3472 communicet.
703 3425 737 3470 re
763 3406 931 3490 impetrata
954 3403 1156 3484 contendunt,
1186 3409 1221 3468 ut
1243 3402 1321 3487 ipsis

287 3532 410 3578 summa
431 3509 555 3594 imperii
577 3508 728 3589 tradatur,
751 3514 783 3572 et
805 3507 894 3584 rein
918 3506 1161 3572 controversiam
1184 3503 1321 3569 deducta

252 3616 382 3684 ototius
404 3613 525 3680 Galliae
555 3612 720 3676 concilium
749 3611 897 3676 Bibracte
925 3608 1083 3674 iudicitur.
1129 3607 1320 3672 conveniunt

286 3717 425 3800 undique
448 3716 638 3797 frequentes.
684 3711 893 3777 multitudinis
915 3711 1075 3795 suffragiis
1096 3730 1147 3775 res
1169 3709 1319 3794 permitti-

286 3826 349 3898 tur,
376 3818 419 3884 ad
450 3837 557 3882 unum,
575 3835 684 3880 omnes
706 3814 995 3898 Vercingetorigem
1025 3815 1159 3896 probant
1189 3812 1321 3894 impera-
