2966 4196
308 231 371 293 110
643 243 692 297 DE
710 242 826 297 BELLO
844 243 1006 298 GALLICO

305 417 422 502 pliorcs
445 417 560 502 copias,
585 436 666 500 quae
688 414 829 482 nondum
852 423 1076 498 convenerant,
1100 418 1340 501 exspectabant,

268 522 434 604 edocear,
463 520 490 585 si
516 521 598 586 forte
624 519 744 588 timoris
771 519 970 584 simulatione
997 519 1104 585 hostes
1130 521 1164 584 in
1186 522 1278 586 suum
1299 521 1341 585 lo·

305 644 376 689 cum
405 624 518 689 elicere
544 629 661 708 posset,
690 628 725 687 ut
753 623 831 687 citra
856 623 973 687 vallem
999 643 1055 706 pro
1083 624 1194 688 castris
1223 625 1340 708 proelio

304 726 521 812 contenderet,
542 727 569 792 si
583 727 616 791 id
632 725 758 793 efficere
772 745 836 790 non
850 731 967 810 posset,
989 732 1025 790 ut
1040 727 1211 810 exploratis
1225 726 1340 791 itineri-

305 831 365 897 bus
397 831 518 896 minore
557 851 628 895 cum
661 829 799 915 periculo
834 829 950 893 vallem
983 830 1149 911 rivumque
1182 830 1338 894 transiret.

266 933 406 1018 aprima
427 935 498 999 luce
520 933 657 999 hostium
679 933 837 1016 equitatus
858 931 901 1000 ad
916 937 1019 998 castra
1033 931 1156 996 accedit
1176 932 1340 1016 proelium·

267 1057 367 1118 sque
397 1057 468 1102 cum
500 1037 616 1102 nostris
647 1036 805 1118 equitibus
836 1035 1011 1100 committit.
1059 1035 1176 1100 Caesar
1199 1037 1339 1100 consulto

305 1140 427 1222 equites
450 1139 562 1204 cedere
584 1159 681 1222 seque
703 1139 737 1203 in
764 1144 867 1203 castra
897 1138 1036 1221 recipere
1058 1138 1159 1222 iubet,
1183 1138 1275 1202 simul
1298 1158 1340 1203 ex

303 1244 450 1308 omnibus
479 1243 622 1328 partibus
649 1249 751 1307 castra
777 1241 888 1305 altiore
914 1241 998 1305 vallo
1025 1240 1140 1305 muniri
1170 1247 1339 1326 portasque

304 1346 423 1410 obstrui
445 1352 541 1429 atque
563 1347 597 1410 in
619 1346 669 1410 his
691 1343 951 1409 administrandis
972 1344 1067 1409 rebus
1083 1365 1178 1426 quam
1199 1345 1338 1409 maxime

304 1449 481 1514 concursari
505 1455 536 1514 et
559 1469 630 1513 cum
653 1448 852 1514 simulatione
875 1448 928 1531 agi
951 1447 1071 1512 timoris
1093 1447 1189 1512 iubet.

270 1573 285 1620 ι
406 1553 458 1617 LI.
505 1551 626 1629 Quibus
656 1551 801 1616 omnibus
831 1550 926 1615 rebus
955 1550 1061 1616 hostes
1084 1551 1209 1616 invitati
1232 1551 1337 1635 copias

266 1677 285 1723 2
303 1654 471 1720 traducunt
493 1656 657 1738 aciemque
679 1655 787 1736 iniquo
809 1654 877 1718 loco
900 1653 1102 1738 constituunt,
1126 1654 1239 1720 nostris
1262 1673 1336 1720 vcro

304 1760 399 1824 etiam
429 1759 469 1824 de
491 1761 575 1824 vallo
605 1757 749 1823 deductis
778 1757 906 1842 propius
935 1755 1089 1821 accedunt
1116 1763 1148 1821 et
1170 1757 1233 1822 tela
1254 1757 1336 1822 intra

265 1883 284 1931 a
303 1863 509 1928 munitionem
532 1883 573 1928 ex
596 1862 741 1927 omnibus
763 1861 905 1945 partibus
934 1860 1092 1925 coniciunt
1118 1860 1335 1944 praeconibus·

302 1986 364 2049 que
387 1965 608 2031 circummissis
622 1964 818 2049 pronuntiari
840 1963 959 2046 iubent,
981 1983 1037 2028 seu
1059 1964 1129 2047 quis
1145 1963 1253 2029 Gallus
1279 1983 1334 2030 seu

302 2070 462 2134 Romanus
483 2068 562 2132 velit
590 2073 666 2132 ante
695 2066 805 2131 horam
826 2067 952 2131 tertiam
973 2066 1015 2131 ad
1044 2087 1078 2132 se
1101 2067 1242 2150 transire,
1266 2067 1335 2133 sine

264 2171 440 2256 epericulo
462 2171 571 2254 licere;
595 2175 666 2254 post
688 2168 722 2233 id
743 2175 868 2254 tempus
890 2190 954 2235 non
976 2169 1043 2235 fore
1066 2175 1269 2256 potestatem
1296 2190 1334 2236 ac

301 2274 348 2339 sic
369 2278 492 2338 nostros
512 2278 777 2357 contempserunt,
800 2279 844 2354 ut,
868 2273 1035 2338 obstructis
1057 2273 1245 2357 inspeciem
1267 2293 1333 2358 por-

301 2376 343 2440 tis
365 2375 498 2458 singulis
513 2373 675 2440 ordinibus
696 2375 878 2460 caespitum,
903 2375 987 2459 quod
1003 2397 1041 2441 ea
1056 2397 1119 2442 non
1134 2396 1227 2462 posse
1241 2377 1333 2442 intro

300 2499 445 2564 rumpere
467 2477 665 2561 videbantur,
689 2479 743 2544 alii
764 2480 882 2544 vallum
904 2501 1000 2546 manu
1022 2479 1175 2565 scindere,
1198 2481 1252 2545 alii
1274 2480 1333 2545 fos-

263 2603 353 2652 osas
386 2581 541 2666 complere
567 2581 758 2666 inciperent.
809 2589 875 2647 tum
910 2584 1026 2649 Caesar
1058 2584 1203 2650 omnibus
1235 2585 1332 2667 portis

301 2686 464 2770 eruptione
492 2673 578 2750 facta
608 2685 810 2768 equitatuque
841 2687 954 2752 emisso
984 2687 1127 2752 celeriter
1159 2686 1266 2752 hostes
1297 2687 1331 2750 in

299 2790 409 2882 fugam
443 2789 511 2873 dat,
543 2789 588 2854 sio
621 2789 667 2854 uti
697 2789 825 2854 omnino
853 2789 1017 2873 pugnandi
1047 2809 1142 2854 causa
1173 2789 1331 2855 resisteret

299 2912 401 2976 nemo,
425 2877 638 2975 magnumque
661 2911 702 2956 ex
725 2891 770 2955 eis
792 2911 955 2955 numerum
978 2890 1091 2956 occidit
1105 2898 1200 2974 atque
1222 2911 1330 2957 omnes

298 2995 395 3060 armis
418 2995 514 3059 exuit.

265 3122 279 3167 r
402 3099 470 3163 LII.
515 3097 655 3180 Longius
680 3095 827 3180 prosequi
853 3097 980 3180 veritus,
1009 3095 1093 3179 quod
1119 3097 1218 3162 silvae
1245 3097 1330 3180 palu-

298 3202 417 3283 desque
446 3200 685 3266 intercedebant
714 3219 818 3282 neque
848 3198 943 3264 etiam
976 3199 1108 3283 parvulo
1142 3197 1328 3266 detrimento

296 3303 420 3368 illorum
442 3304 545 3368 locum
567 3303 700 3385 relinqui
722 3301 860 3386 videbat,
884 3303 1028 3368 omnibus
1043 3303 1107 3368 suis
1122 3303 1329 3369 incolumibus

260 3427 280 3475 ⁴2
298 3407 396 3492 copiis
419 3405 530 3471 codem
551 3405 603 3471 die
625 3406 667 3470 ad
691 3405 872 3472 Ciceronem
894 3406 1047 3489 pervenit.
1088 3407 1247 3472 institutas
1268 3413 1329 3470 tur-

297 3529 357 3594 res,
380 3508 554 3574 testudines
569 3509 820 3592 munitionesque
842 3508 979 3574 hostium
997 3509 1181 3594 admiratur;
1205 3509 1328 3592 legione

296 3614 449 3699 producta
464 3613 633 3698 cognoscit,
657 3633 721 3678 non
744 3611 900 3678 decimum
920 3632 1075 3694 quemque
1091 3632 1159 3678 esse
1174 3611 1327 3693 reliquum

260 3717 428 3784 amilitem
462 3717 530 3781 sine
560 3716 703 3779 vulnere:
738 3736 779 3781 ex
812 3715 862 3780 his
895 3715 1040 3781 omnibus
1073 3715 1191 3779 iudicat
1223 3715 1326 3797 rebus,

297 3827 413 3901 quanto
448 3839 518 3884 cum
551 3819 688 3905 periculo
722 3825 754 3883 et
786 3824 904 3900 quanta
937 3839 1008 3883 cum
1038 3818 1152 3883 virtute
1185 3837 1236 3883 res
1265 3818 1326 3883 sint
