2936 4192
297 190 339 286 12
634 207 684 262 DE
701 207 817 262 BELLO
836 207 996 263 GALLICO

292 385 389 462 atque
411 379 559 463 hortatur,
585 386 619 444 ut
640 380 709 446 sine
729 380 796 446 eius
816 381 990 447 offensione
1009 382 1106 447 animi
1125 383 1178 448 vel
1197 383 1266 467 ipse
1289 383 1329 450 de

294 501 331 548 eo
359 502 454 548 causa
481 483 614 566 cognita.
634 488 751 548 statuat
778 483 829 548 vel
857 483 1018 550 civitatem
1044 489 1182 550 statuere
1211 487 1326 552 iubeat.

260 607 274 652 1
397 586 469 650 XX.
493 576 668 650 Divitiacus
691 585 796 650 multis
817 606 888 650 eum
907 587 1044 652 lacrimis
1060 587 1228 653 Caesarem
1249 610 1328 655 com-

293 688 406 771 plexus
428 687 593 754 obsecrare
616 687 728 772 coepit,
752 708 793 753 ne
816 687 891 771 quid
913 690 1041 772 gravius
1064 690 1097 754 in
1120 689 1248 756 fratrem
1268 698 1328 757 sta-

255 811 273 857 a
293 797 408 856 tueret:
432 790 511 856 scire
534 811 569 856 se
588 791 643 855 illa
662 810 732 856 esse
751 811 835 875 vera,
860 811 920 856 nec
939 812 1128 876 quemquam
1149 813 1190 857 ex
1206 814 1242 858 eo
1258 795 1327 878 plus

293 913 387 975 quam
407 913 441 958 se
461 892 577 958 doloris
597 913 719 977 capere,
743 899 910 977 propterea
929 894 1021 978 quod,
1047 915 1117 960 cum
1137 895 1206 980 ipse
1226 899 1328 979 gratia
1419 932 1421 937 ·

294 997 460 1080 plurimum
488 995 573 1061 domi
603 1002 697 1078 atquc
724 996 756 1060 in
786 997 907 1080 reliqua
934 997 1050 1080 Gallia,
1081 999 1134 1062 ille
1164 999 1327 1064 minimum

255 1106 419 1183 apropter
446 1098 693 1164 adulescentiam
720 1105 836 1183 posset,
867 1119 925 1182 per
953 1120 988 1164 se
1019 1101 1183 1184 crevisset;
1214 1103 1327 1183 quibus

160 1203 161 1206 ’
293 1202 404 1285 opibus
437 1221 475 1266 ac
509 1201 615 1266 nervis
648 1222 711 1266 non
746 1202 845 1266 solum
875 1201 918 1266 ad
947 1202 1151 1268 minuendam
1182 1206 1326 1288 gratiam,

292 1304 350 1370 sed
377 1325 479 1388 paene
501 1303 543 1370 ad
564 1305 735 1390 perniciem
765 1326 853 1370 suam
881 1311 1027 1370 uteretur.
1074 1327 1144 1372 sese
1167 1315 1273 1372 tamen
1296 1315 1328 1374 et

255 1427 398 1476 ramore
420 1408 558 1474 fraterno
581 1413 613 1472 et
635 1408 867 1473 existimatione
890 1408 977 1491 vulgi
1001 1411 1198 1474 commoveri.
1244 1411 1327 1493 quod

293 1511 319 1576 si
342 1511 417 1593 quid
445 1512 474 1576 ei
497 1531 516 1575 a
540 1511 675 1577 Caesare
702 1511 830 1594 gravius
857 1511 1033 1596 accidisset,
1062 1533 1132 1577 cum
1160 1515 1228 1596 ipse
1256 1531 1345 1578 eum·

243 1695 244 1698 Ἴ
294 1615 394 1680 locum
421 1615 578 1679 amicitiae
604 1614 690 1699 apud
717 1635 788 1679 eum
816 1621 947 1699 teneret,
979 1616 1139 1680 neminem
1170 1617 1327 1682 existimu-

294 1727 394 1782 turum
415 1739 477 1783 non
497 1738 555 1784 sua
570 1719 731 1783 voluntate
751 1717 883 1783 sactum:
907 1739 970 1801 qua
992 1739 1033 1783 ex
1055 1739 1089 1784 rc
1111 1719 1258 1803 futurum,
1283 1721 1326 1784 uti

257 1823 387 1890 stotius
411 1822 532 1888 Galliae
554 1823 652 1886 animi
674 1843 694 1886 a
716 1842 751 1887 se
772 1828 998 1888 averterentur.
1040 1822 1119 1886 haec
1142 1843 1213 1886 eum
1235 1823 1326 1906 pluri·

293 1927 351 1991 bus
373 1926 479 1990 verbis
501 1925 581 1990 flens
601 1947 620 1989 a
641 1927 776 1991 Caesare
798 1925 928 2008 peteret,
953 1926 1070 1990 Caesar
1093 1925 1159 1989 eius
1182 1925 1326 1990 dextram

292 2029 430 2112 prendit;
455 2029 632 2093 consolatus
654 2033 753 2108 rogat,
777 2027 873 2090 finem
895 2027 1005 2091 orandi
1027 2027 1137 2110 faciat;
1161 2027 1239 2090 tanti
1260 2028 1326 2092 eius

292 2131 376 2214 apud
392 2151 426 2194 se
442 2131 576 2212 gratiam
596 2149 666 2194 esse
686 2128 832 2212 ostendit,
853 2129 899 2193 uti
920 2135 951 2192 et
969 2127 1162 2212 reipublicae
1181 2129 1326 2194 iniuriam

293 2241 324 2298 et
354 2254 444 2298 sunm
471 2232 609 2298 dolorem
639 2233 706 2297 eius
733 2231 888 2296 voluntati
916 2252 954 2296 ae
984 2231 1129 2315 precibus
1161 2232 1324 2298 condonet.

256 2337 518 2418 oDumnorigem
545 2335 588 2399 ad
609 2355 644 2399 se
667 2340 768 2417 vocat,
796 2335 924 2398 fratrem
951 2334 1095 2419 adhibet,
1123 2355 1204 2417 quae
1230 2336 1262 2399 in
1290 2357 1326 2400 eo

295 2438 513 2524 reprehendat,
537 2437 687 2522 ostendit,
716 2457 797 2520 quae
820 2437 888 2520 ipse
911 2438 1084 2521 intellegat,
1112 2458 1193 2520 quae
1216 2438 1326 2503 civitas

247 2541 249 2546 ’
292 2549 447 2626 queratur,
472 2541 631 2625 proponit,
655 2547 770 2622 monet,
794 2546 829 2604 ut
848 2541 880 2604 in
901 2542 1054 2624 reliquum
1075 2549 1199 2625 tempus
1218 2561 1327 2606 omnes

292 2647 487 2731 suspiciones
510 2645 601 2728 vitet3
625 2645 795 2727 praeterita
814 2665 848 2708 se
863 2645 1021 2708 Divitiaco
1041 2644 1129 2708 fratri
1149 2645 1327 2711 condonare

293 2750 377 2814 dicit.
422 2747 609 2830 Dumnorigi
632 2746 776 2812 custodes
800 2747 897 2831 ponit,
921 2754 964 2831 ut,
993 2767 1073 2830 quae
1095 2753 1180 2830 agat,
1204 2748 1327 2829 quibus-

219 2868 221 2872 ’
293 2873 364 2918 cum
385 2852 538 2934 loquatur,
562 2851 642 2916 scire
664 2851 771 2934 possit.

260 2978 273 3024 ι
395 2955 484 3018 ΧΧΙ.
508 2953 628 3019 Eodem
655 2953 707 3018 die
733 2954 774 3019 ab
802 2955 1052 3038 exploratoribus
1080 2955 1192 3019 certior
1214 2953 1326 3036 iactus,

293 3059 400 3125 hostes
429 3057 488 3122 sub
518 3062 624 3122 monte
655 3056 835 3122 consedisse
866 3058 953 3122 milia
982 3077 1132 3141 passuum
1161 3057 1202 3120 ab
1230 3057 1341 3140 ipsius.

294 3162 403 3228 castris
426 3167 504 3244 octo,
533 3161 634 3244 qualis
662 3166 746 3226 esset
767 3167 880 3226 natura
901 3161 1016 3240 montis
1040 3167 1071 3224 et
1094 3160 1195 3242 qualis
1218 3159 1250 3222 in
1274 3159 1327 3223 cir·

258 3265 379 3332 uouitu
400 3283 560 3348 aseensus,
584 3264 638 3346 qui
658 3270 892 3347 cognoscerent,
916 3263 1009 3327 misit.
1048 3261 1260 3326 renuntiatum
1281 3267 1327 3326 est

295 3368 419 3432 facilem
442 3387 522 3432 esse.
561 3367 601 3431 de
623 3367 715 3430 tertia
734 3367 844 3450 vigilia
858 3367 964 3430 Titum
979 3366 1164 3447 Labienum,
1189 3363 1327 3446 legatum

294 3476 524 3555 propraetore,
553 3489 623 3534 cum
647 3468 769 3534 duabus
791 3469 968 3551 legionibus
996 3466 1028 3532 e't
1050 3469 1088 3532 iis
1111 3466 1251 3548 ducibus,
1276 3466 1327 3547 qui

220 3575 224 3584 ’
294 3575 352 3638 iter
368 3578 590 3657 cognoverant,
612 3591 768 3636 summum
788 3573 895 3654 iugum
911 3572 1026 3635 montis
1041 3568 1212 3634 ascendere
1228 3569 1327 3652 iubet3

258 3700 274 3745 a
294 3677 369 3760 quid
385 3677 434 3743 sui
450 3677 571 3742 consilii
586 3675 636 3759 sit,
653 3673 799 3740 ostendit.
827 3675 896 3758 ipse
912 3673 952 3738 de
968 3679 1079 3757 quarta
1094 3673 1203 3755 vigilia
1218 3671 1328 3737 eodem

294 3781 413 3864 itinere,
438 3801 497 3862 quo
517 3779 622 3846 hostes
641 3779 751 3862 ierant,
775 3777 817 3843 ad
838 3799 890 3844 eos
911 3777 1073 3843 contendit
1095 3776 1329 3858 equitatumque
