2936 4192
295 154 340 217 46
631 171 681 224 DE
698 170 815 226 BELLO
833 171 995 226 GALLICO

298 339 410 406 feriore
438 339 507 406 loco
536 341 707 408 subeuntes
732 342 938 408 intermittere
960 349 993 409 et
1013 344 1054 410 ab
1077 350 1210 428 utroque
1230 343 1330 410 latere

297 442 415 507 instare
438 447 470 508 et
492 461 559 508 rem
581 462 651 510 esse
672 443 706 508 in
728 451 864 529 angusto
886 443 976 527 vidit,
1006 466 1110 528 neque
1139 447 1238 512 ullum
1260 467 1330 514 esse

255 565 279 612 a
298 541 482 638 subsidium,
505 544 588 628 quod
610 545 751 613 submitti
772 553 892 632 posset:
914 555 1003 616 scuto
1016 550 1058 615 ab
1073 550 1252 616 novissimis
1274 551 1330 616 uni

298 647 448 730 detracto,
480 648 564 733 quod
589 650 659 735 ipse
688 670 725 718 eo
755 652 825 718 sine
853 657 941 718 scuto
970 659 1111 734 venerat,
1138 652 1173 718 in
1194 653 1329 738 primam

296 751 398 817 aciem
430 751 583 837 processit
615 753 911 838 centurionibusque
943 754 1129 822 nominatim
1161 756 1328 841 appellatis

296 855 433 938 reliquos
455 855 634 922 cohortatus
655 856 771 924 milites
792 857 885 942 signa
905 856 1022 924 inferre
1042 863 1074 924 et
1087 857 1264 944 manipulos
1285 859 1329 924 la

254 977 278 1024 a
296 969 375 1023 xero
403 957 504 1040 iussit,
535 978 596 1042 quo
625 957 750 1026 facilins
771 959 888 1044 gladiis
913 960 959 1026 uti
981 967 1119 1046 possent.
1165 961 1253 1027 cuius
1274 959 1329 1026 ad·

296 1065 393 1126 ventu
411 1080 468 1146 spe
486 1061 574 1126 illata
591 1061 742 1128 militibus
760 1083 799 1129 ac
816 1063 1030 1147 redintegrato
1044 1063 1160 1146 animo,
1180 1084 1252 1128 cum
1270 1083 1328 1148 pro

296 1181 331 1228 se
360 1163 492 1246 quisque
518 1163 553 1230 in
582 1170 752 1250 conspectu
780 1166 977 1251 imperatoris
1003 1166 1100 1230 etiam
1120 1165 1155 1230 in
1177 1165 1327 1231 extremis

296 1265 361 1331 suis
387 1266 481 1332 rebus
507 1287 636 1351 operam
662 1288 781 1333 navare
804 1275 941 1354 cuperet,
964 1268 1093 1353 paulum
1114 1267 1251 1334 hostium
1272 1268 1328 1332 im-

168 1395 171 1404 *
294 1373 388 1452 petus
409 1368 551 1434 tardatus
574 1376 630 1436 est.

261 1491 276 1539 r
347 1487 349 1492 '
398 1471 517 1538 XXVI.
542 1471 659 1540 Caesar
673 1493 744 1538 cum
763 1473 929 1559 septimam
950 1473 1117 1556 legionem,
1141 1493 1223 1557 quae
1236 1473 1328 1540 iuxta

296 1562 487 1657 constiterat,
510 1575 586 1640 item
607 1575 713 1660 urgeri
734 1577 775 1642 ab
797 1575 889 1642 hoste
910 1574 1053 1658 vidisset,
1079 1575 1223 1642 tribunos
1249 1577 1328 1641 mili-

295 1682 362 1742 tum
384 1677 513 1760 monuit,
536 1683 571 1743 ut
592 1679 744 1763 paulatim
770 1698 840 1745 sese
869 1677 1010 1763 legiones
1040 1679 1266 1762 coniungerent
1295 1685 1327 1744 et

254 1799 449 1848 econversa
470 1781 563 1865 signa
583 1781 616 1846 in
639 1781 745 1847 hostes
766 1781 927 1848 inferrent.
963 1799 1025 1864 quc
1046 1780 1130 1846 iacto
1153 1799 1224 1846 cum
1244 1780 1327 1846 alius

294 1883 350 1948 alii
371 1883 547 1950 subsidium
568 1883 665 1950 ferret
686 1903 790 1967 neque
811 1884 970 1966 timerent,
992 1903 1034 1950 ne
1052 1884 1157 1950 aversi
1171 1884 1213 1950 ab
1235 1883 1327 1950 hoste

296 1986 603 2068 circumvenirentur,
632 1984 784 2052 audacius
813 1985 959 2052 resistere
986 2005 1036 2052 ac.
1051 1985 1162 2052 fortius
1183 2005 1326 2070 pugnare

141 2131 144 2138 ι
254 2109 277 2156 a
296 2094 474 2173 coeperunt.
519 2087 646 2154 interim
674 2087 790 2154 milites
818 2087 979 2172 legionum
1008 2086 1151 2170 duarum,
1185 2107 1267 2172 quae
1291 2088 1326 2155 in

296 2191 467 2258 novissimo
487 2190 616 2274 agmine
637 2188 795 2276 praesidio
809 2188 1043 2274 impedimentis
1057 2189 1192 2273 fuerant,
1207 2191 1325 2276 proelio

295 2292 439 2358 nuntiato
462 2312 553 2360 cursu
574 2292 704 2360 incitato
725 2293 759 2358 in
781 2311 902 2359 summo
928 2293 1007 2358 colle
1028 2293 1069 2358 ab
1092 2292 1233 2360 hostibus
1255 2313 1326 2361 con·

254 2417 278 2464 4
296 2395 519 2480 spiciebantur,
549 2401 581 2462 et
602 2395 693 2462 'litus
713 2394 874 2461 Labienus
905 2396 1016 2462 castris
1044 2395 1180 2462 bostium
1208 2397 1325 2482 potitus

296 2504 328 2566 et
350 2518 391 2564 ex
412 2499 480 2565 loco
502 2499 670 2584 superiore,
694 2517 775 2582 qnae
796 2518 847 2564 res
868 2498 902 2564 in
924 2499 1039 2565 nostris
1058 2499 1168 2565 castris
1182 2519 1326 2584 gereren-

296 2608 355 2685 tur,
376 2601 578 2687 'conspicatus
600 2600 755 2667 decimam
772 2601 931 2686 legionem
946 2601 1086 2668 subsidio
1101 2602 1216 2668 nostris
1230 2602 1323 2670 misit.

253 2726 277 2774 s
297 2705 350 2789 qui
377 2725 448 2772 eum
477 2724 518 2770 ex
549 2703 688 2787 equitum
711 2710 744 2770 et
773 2705 916 2770 calonum
938 2704 1024 2790 iuga,
1048 2725 1109 2788 quo
1130 2705 1164 2771 in
1186 2706 1254 2771 loco
1274 2724 1325 2772 res

297 2814 389 2889 esset,
412 2813 593 2890 quantoque
614 2807 648 2872 in
670 2807 809 2892 periculo
832 2813 863 2872 et
886 2813 989 2874 castra
1010 2815 1042 2872 et
1062 2807 1203 2892 legiones
1218 2814 1250 2872 et
1271 2807 1325 2872 im·

295 2914 420 2994 perator
433 2915 620 2991 versaretur,
644 2909 876 2994 cognovissent,
892 2909 972 2974 nihil
993 2909 1036 2974 ad
1051 2911 1242 2976 celeritatem
1264 2910 1324 2976 sibi

296 3011 407 3095 reliqui
429 3010 580 3078 fecerunt.

263 3136 276 3184 r
398 3115 534 3180 XXVII.
578 3115 697 3182 Horum
726 3114 867 3182 adventu
889 3120 979 3180 tanta
999 3134 1103 3180 rerum
1126 3114 1326 3180 commutatio

297 3223 344 3283 est
373 3215 468 3299 facta,
499 3223 534 3282 ut
563 3218 671 3300 nostri,
701 3217 797 3284 etiam
820 3217 874 3302 qui
895 3217 1079 3284 vulneribus
1102 3215 1237 3283 confecti
1258 3237 1326 3302 pro

254 3341 277 3388 ‘a
297 3319 488 3402 cubuissent,
518 3320 615 3386 scutis
641 3320 745 3386 innixi
774 3321 926 3406 proelium
954 3319 1214 3404 redintegrarent.
1259 3325 1326 3385 tum

297 3423 423 3490 calones
444 3423 625 3508 perterritos
646 3423 753 3490 hostes
769 3423 941 3508 conspicati
956 3423 1051 3488 etiam
1070 3423 1206 3488 inermes
1227 3441 1326 3487 arma·

296 3526 337 3592 tis
359 3531 572 3612 occurrerunt,
596 3526 716 3610 equites
738 3545 823 3608 vero,
846 3532 880 3592 ut
902 3525 1128 3610 turpitudinem
1149 3525 1245 3610 fugae
1266 3524 1326 3590 vir-

266 3615 269 3621 ’
297 3635 363 3694 tute
385 3628 536 3713 delerent,
559 3629 704 3697 omnibus
725 3629 759 3694 iu
781 3629 858 3695 locis
879 3634 1069 3713 pugnarunt,
1093 3648 1154 3711 quo
1175 3648 1211 3695 se
1232 3627 1326 3714 legio

257 3731 393 3801 suariis
415 3731 567 3798 militibus
589 3731 792 3816 praeferrent.
826 3737 861 3796 at
882 3730 988 3796 hostes
1012 3731 1107 3796 ctiam
1128 3731 1162 3797 in
1185 3736 1328 3797 extrema
