2966 4196
311 196 353 260 90
650 210 700 264 DE
717 208 834 265 BELLO
852 208 1014 264 GALLICO

278 407 289 452 1
412 385 453 448 X.
487 381 642 448 Postridie
665 383 733 448 cius
755 381 819 447 diei
840 401 934 446 mane
956 380 1111 465 tripertito
1130 382 1245 448 milites
1261 381 1345 466 equi·

310 493 421 569 tesque
442 479 476 550 in
503 485 736 570 expeditionem
759 485 853 568 misit,
877 490 912 548 ut
934 503 997 568 eos,
1021 485 1075 566 qui
1096 483 1253 569 fugerant,
1276 505 1344 569 per-

278 610 294 673 2
312 594 524 670 sequerentur.
555 588 605 653 his
620 589 814 671 aliquantum
836 587 957 653 itineris
979 587 1162 672 progressis,
1187 608 1258 652 cum
1280 588 1344 652 iam

311 692 445 756 extremi
472 698 578 757 essent
606 692 639 756 in
661 696 839 775 prospectu,
867 689 988 773 equites
1010 709 1032 755 a
1054 689 1171 767 Quinto
1193 691 1280 756 Atrio
1303 689 1345 755 ad

310 795 479 861 Gaesarem
501 799 665 878 venerunt,
689 793 743 877 qui
764 792 955 876 nuntiarent,
979 793 1138 877 superiore
1160 799 1253 859 nocte
1280 814 1344 858 ma-

308 897 397 962 xima
419 902 524 962 coorta
543 902 732 980 tempestate
746 915 846 980 prope
860 914 970 960 omnes
984 914 1084 960 naves
1099 895 1234 962 afflictas
1248 902 1344 979 atque

308 1000 341 1064 in
364 1000 454 1064 litore
477 1000 594 1065 eiectas
613 1019 693 1082 csse,
717 996 800 1080 quod
822 1017 926 1081 neque
940 1017 1074 1063 ancorae
1096 997 1251 1082 funesque
1273 999 1344 1064 sub

308 1103 455 1167 sisterent
476 1121 580 1185 neque
601 1107 717 1166 nautae
739 1101 1030 1186 gubernatoresque
1052 1101 1117 1166 vim
1144 1101 1343 1186 tempestatis

275 1205 375 1288 spati
402 1210 545 1289 possent:
575 1205 682 1287 itaque
712 1223 754 1268 ex
785 1223 821 1268 ec
851 1222 1004 1269 concursu
1032 1204 1162 1268 navium
1192 1199 1342 1288 magnum

309 1326 378 1373 esse
400 1305 632 1372 incommodum
655 1314 831 1390 acceptum.

276 1432 287 1476 1
410 1411 468 1475 XI.
502 1410 561 1475 His
582 1410 677 1475 rebus
699 1410 833 1494 cognitis
856 1410 973 1476 Caesar
995 1409 1136 1494 legiones
1159 1409 1342 1492 equitatum·

248 1587 252 1591 .
309 1532 369 1595 que
401 1513 542 1578 revocari
575 1518 670 1596 atque
699 1512 733 1577 in
762 1512 875 1577 itinere
905 1511 1051 1578 resistere
1080 1511 1177 1596 iubet,
1208 1512 1277 1596 ipse
1299 1511 1342 1577 ad

274 1635 406 1682 anaves
428 1615 607 1701 revertitur3
632 1615 743 1680 eadem
765 1615 842 1700 fere,
867 1634 948 1698 quae
971 1635 1012 1680 ex
1027 1615 1146 1680 nuntiis
1168 1615 1342 1698 litterisque

307 1725 506 1803 cognoverat,
537 1739 641 1785 coram
671 1719 830 1804 perspicit,
860 1718 906 1784 sic
936 1724 971 1782 ut
993 1717 1116 1782 amissis
1140 1717 1262 1782 circiter
1282 1719 1341 1782 XL

306 1822 442 1887 navibus
463 1823 603 1906 reliquae
625 1828 733 1886 tamen
755 1821 841 1886 refici
862 1839 956 1906 posse
978 1840 1093 1904 magno
1108 1820 1235 1904 negotio
1256 1820 1341 1885 vide-

272 1916 433 1992 arentur(
467 1926 574 2009 itaque
605 1945 646 1991 ex
675 1925 853 2010 legionibus
882 1923 989 1989 fabros
1019 1922 1129 2010 deligit
1152 1928 1246 1990 etex
1270 1943 1341 1988 con-

272 2028 419 2094 ctinenti
452 2029 530 2093 alios
562 2028 679 2093 arcessi
713 2028 813 2112 iubet3
847 2026 988 2091 Labieno
1022 2027 1143 2114 scribit,
1177 2031 1212 2091 ut
1245 2046 1340 2109 quam

253 2150 257 2160 ’
305 2131 455 2213 plurimas
477 2131 575 2214 possit
594 2131 634 2195 iis
648 2129 836 2213 legionibus,
859 2149 941 2212 quae
956 2129 1020 2194 sint
1034 2129 1121 2214 apud
1136 2149 1217 2212 eum,
1240 2149 1340 2195 naves

272 2233 455 2298 tinstituet.
501 2234 579 2317 ipse,
611 2233 670 2298 etsi
692 2253 742 2298 res
765 2239 832 2297 erat
861 2233 979 2296 multae
1008 2252 1122 2316 operae
1144 2252 1183 2297 ao
1211 2233 1338 2316 laboris,

305 2341 411 2400 tamen
441 2335 726 2401 commodissimum
757 2355 826 2400 esse
853 2335 972 2418 statuit,
1003 2354 1111 2400 omnes
1140 2355 1240 2400 naves
1269 2335 1339 2400 sub-

272 2458 287 2504 e
306 2437 378 2502 duci
400 2443 431 2503 et
453 2457 524 2503 oum
540 2439 648 2505 castris
670 2458 735 2503 una
756 2438 928 2504 munitione
944 2438 1101 2521 coniungi.
1132 2437 1165 2502 in
1180 2437 1230 2502 his
1244 2438 1339 2504 rebus

305 2540 426 2605 circiter
455 2540 523 2607 dies
551 2543 584 2606 X
606 2542 768 2626 consumit,
799 2560 840 2606 ne
862 2541 1021 2606 nocturnis
1044 2539 1170 2622 quidem
1192 2541 1338 2624 tempori-

271 2644 364 2710 rbus
386 2643 428 2708 ad
449 2645 588 2710 laborem
610 2645 743 2710 militum
771 2645 965 2710 intermissis.
1011 2643 1172 2708 subductis
1202 2644 1338 2710 navibus

304 2747 475 2830 castrisque
490 2749 618 2832 egregie
631 2747 761 2813 munitis
776 2747 903 2812 easdem
919 2746 1035 2831 copias,
1056 2765 1134 2828 quas
1148 2751 1233 2831 ante,
1249 2765 1338 2831 prae

304 2848 383 2914 sidio
412 2850 547 2916 navibus
576 2850 711 2934 reliquit,
741 2851 811 2935 ipse
842 2848 962 2935 eodem,
992 2847 1078 2914 unde
1099 2848 1245 2932 redierat,
1268 2869 1337 2933 pro

269 2973 285 3020 e
303 2951 460 3018 ficiscitur.
491 2973 528 3018 co
548 2972 619 3017 cum
633 2953 782 3036 venisset,
806 2953 939 3017 maiores
961 2952 1024 3016 iam
1047 2951 1186 3034 undique
1207 2951 1241 3016 in
1264 2972 1336 3016 eum

303 3056 405 3120 locum
434 3055 543 3139 copiae
571 3055 794 3120 Britannorum
823 3059 1036 3120 convenerant
1065 3073 1187 3119 summa
1212 3054 1337 3138 imperii

302 3159 439 3241 bellique
460 3157 701 3224 administrandi
724 3158 881 3224 communi
903 3157 1032 3222 consilio
1059 3157 1213 3242 permissa
1236 3157 1337 3223 Cassi-

303 3261 462 3345 uellauno,
501 3261 588 3326 cuius
624 3260 704 3326 fines
740 3281 761 3326 a
800 3261 964 3326 maritimis
1002 3260 1181 3326 civitatibus
1217 3259 1336 3324 flumen

302 3363 424 3448 dividit,
455 3361 539 3446 quod
567 3364 744 3448 appellatur
772 3363 924 3447 Tamesis,
955 3383 976 3427 a
1004 3363 1083 3427 mari
1106 3362 1228 3428 circiter
1249 3362 1337 3427 milia

269 3486 451 3552 cpassuum
479 3466 610 3543 LXXX.
656 3466 730 3533 huic
759 3467 918 3550 superiore
946 3472 1088 3550 tempore
1115 3487 1186 3531 cum
1206 3465 1336 3549 reliquis

303 3570 483 3636 civitatibus
513 3569 705 3634 continentia
733 3569 818 3634 bella
846 3569 1102 3653 intercesserant3
1136 3567 1194 3634 sed
1227 3573 1334 3634 nostro

302 3673 441 3739 adventu
473 3672 606 3758 permoti
639 3672 783 3737 Britanni
816 3671 900 3736 hunc
932 3671 990 3736 toti
1023 3672 1106 3736 bello
1140 3671 1335 3755 imperioque

302 3775 527 3861 praefecerant.
