2936 4192
404 304 510 358 1111.
524 305 574 360 11.
592 305 675 360 cnr.
687 306 885 362 xvrr-xxr.
1124 293 1168 357 15

131 479 293 563 comperit,
327 479 472 544 omnihus
505 480 599 546 rebus
632 479 671 545 iis
701 480 862 564 conlectis,
898 503 1029 564 quarum
1062 503 1165 548 rerum

131 601 227 647 causa
249 579 414 646 traducere
436 581 609 646 exercitum
632 582 845 666 constituerat,
869 591 903 649 ut
918 584 1084 650 Germanis
1103 605 1165 651 me·

130 692 197 748 tum
218 683 360 764 iniceret,
383 689 418 748 ut
436 683 628 768 Sugambros
650 684 859 767 ulcisceretur,
882 691 917 751 ut
932 685 1030 752 Ubios
1053 687 1164 753 ohsidi-

130 807 190 852 one
212 786 369 866 hberaret,
392 785 504 852 diebus
519 787 646 853 omnino
661 785 771 852 decem
786 795 819 854 et
833 795 902 854 octo
919 795 1005 853 trans
1019 788 1164 854 Rhenum

131 889 334 972 consumptis,
364 887 441 954 satis
470 895 502 954 ct
522 887 566 958 ad
591 888 717 955 laudem
740 889 836 955 etad
857 890 1024 956 utilitatem
1046 892 1165 975 prosee

132 1000 197 1056 tum
218 992 389 1057 arbitratus
411 1011 446 1056 se
468 991 500 1055 in
517 991 651 1057 Galliam
673 992 792 1077 recepit
814 1000 1005 1077 pontemque
1027 994 1163 1060 rescidit.

234 1095 308 1160 XX.
345 1094 472 1179 Exigua
492 1101 583 1178 parte
603 1095 734 1160 aestatis
756 1095 878 1179 reliqua
900 1096 1026 1178 Caesar,
1050 1097 1109 1162 etsi
1131 1096 1164 1162 in
1184 1117 1197 1166 1

131 1199 180 1264 his
208 1197 296 1280 locis,
327 1195 410 1280 quod
424 1196 541 1276 ⁴omnis
571 1196 673 1263 Gallia
701 1197 744 1262 ad
773 1198 1030 1282 septemtrionem
1052 1200 1164 1285 vergit,

130 1309 272 1366 maturae
305 1306 378 1366 sunt
411 1299 540 1381 hiemes,
575 1308 680 1365 tamen
713 1301 747 1366 in
780 1301 978 1366 Britanniam
1011 1301 1165 1386 proficisci

131 1403 302 1486 contendit,
326 1401 409 1486 quod
431 1403 576 1468 omnibus
598 1403 665 1468 fere
684 1403 813 1470 Gallicis
835 1404 927 1471 beflis
949 1405 1091 1472 hostibus
1112 1425 1164 1472 no

130 1508 203 1574 stris
225 1507 300 1572 inde
322 1505 558 1571 subministrata
579 1505 699 1571 auxilia
713 1507 919 1592 intellegebat
942 1513 982 1588 et,
998 1509 1026 1573 si
1041 1516 1200 1592 tempusa
1234 1558 1237 1563 -

130 1611 207 1676 anni
237 1608 278 1674 ad
308 1609 424 1675 bellum
452 1608 625 1693 gerendum
648 1609 805 1691 deficeret,
836 1617 942 1675 tamen
965 1631 1081 1694 magno
1104 1611 1164 1676 sibi

130 1713 201 1779 usui
231 1713 297 1778 lore
325 1711 545 1792 arbitrabatur,
575 1712 602 1776 si
632 1711 725 1778 modo
754 1712 890 1777 insulam
918 1711 1038 1777 adisset
1060 1719 1092 1778 et
1113 1733 1164 1797 ge

130 1837 191 1882 nus
221 1815 381 1882 hominum
410 1815 632 1900 perspexisset,
662 1815 741 1896 loca,
771 1821 888 1898 portus,
918 1813 1023 1880 aditus
1054 1835 1164 1899 cogno

130 1921 243 2004 visset,
274 1938 355 2000 quae
383 1917 489 1984 omnia
517 1917 584 1983 fere
613 1917 711 1983 Gallis
735 1923 823 1982 erant
845 1917 1015 2001 incognita.
1061 1937 1200 2000 nequae

131 2023 216 2088 enim
238 2029 355 2087 temere
377 2027 501 2106 praeter
523 2027 711 2086 mercatores
732 2020 785 2084 illo
815 2019 883 2084 adit
910 2020 1085 2103 quisquam,
1112 2040 1164 2085 ne-

132 2146 193 2209 que
222 2125 262 2190 iis
290 2123 367 2209 ipsis
398 2124 565 2206 quicquam
594 2131 718 2208 praeter
747 2144 834 2188 oram
860 2123 1048 2188 maritimam
1069 2130 1165 2207 atque

132 2249 186 2295 eas
209 2227 362 2312 regiones,
387 2246 467 2308 quae
490 2233 563 2291 sunt
586 2234 694 2290 contra
717 2226 845 2307 Galhas,
869 2233 978 2292 notum
1008 2233 1065 2292 est.
1110 2227 1200 2296 ita-4

132 2352 193 2415 que
215 2331 336 2396 vocatis
364 2328 406 2394 ad
435 2349 470 2394 se
500 2329 639 2412 undique
662 2329 896 2411 mercatoribus,
920 2350 1024 2413 neque
1047 2336 1165 2414 quanta

132 2440 215 2500 esset
248 2433 370 2499 insulae
399 2431 592 2517 magnitudo,
622 2453 725 2515 neque
755 2453 835 2515 quae
861 2441 916 2497 aut
946 2444 1083 2515 quantae
1112 2454 1164 2498 11-

131 2539 233 2603 tiones
256 2537 436 2617 incolerent,
460 2555 563 2618 neque
586 2555 679 2618 quem
701 2556 792 2600 usum
822 2536 895 2601 belli
924 2535 1078 2601 haberent
1109 2543 1164 2600 aut

132 2642 246 2724 quibus
268 2639 419 2704 institutis
441 2645 610 2719 uterentur,
634 2658 737 2720 neque
760 2638 813 2721 qui
836 2644 941 2703 essent
955 2637 997 2702 ad
1012 2637 1164 2701 maiorum

131 2743 261 2808 navium
283 2740 515 2806 multitudinem
536 2741 643 2806 idonei
665 2748 782 2825 portus,
805 2740 941 2824 reperire
963 2745 1093 2823 poterat.

234 2845 324 2910 XXI.
361 2843 414 2910 Ad
435 2844 515 2909 haec
537 2842 766 2928 cognoscenda,
789 2843 971 2927 priusquam
992 2841 1163 2927 periculum
1185 2863 1196 2910 1

131 2949 260 3029 faceret,
283 2946 431 3012 idoneum
454 2967 524 3012 esse
549 2947 719 3012 arbitratus
742 2945 856 3011 Gaium
879 2945 1070 3010 Volusenum
1093 2965 1163 3010 oum

125 3051 208 3116 'navi
229 3051 326 3134 longa
347 3050 528 3135 praemittit,
559 3048 633 3114 huic
655 3048 794 3130 mandat,
818 3054 853 3114 ut
875 3049 1046 3132 exploratis
1068 3047 1199 3117 omni-n

132 3157 192 3220 bus
220 3155 315 3220 rebus
343 3153 386 3218 ad
415 3173 450 3219 se
480 3173 574 3235 quam
603 3151 738 3236 primum
768 3158 950 3216 revertatur.
995 3151 1064 3236 ipse
1094 3171 1200 3219 cuma

131 3257 278 3322 omnibus
308 3257 405 3340 copiis
435 3257 468 3320 in
490 3254 626 3320 Morinos
655 3253 870 3338 proficiscitur,
895 3253 978 3336 quod
1000 3253 1075 3318 inde
1098 3260 1165 3319 erat

132 3359 336 3426 brevissimus
358 3359 392 3423 in
414 3358 611 3423 Britanniam
634 3357 791 3422 traiectus.
820 3357 881 3422 huc
904 3375 1003 3422 naves
1025 3357 1200 3441 undiquer

133 3483 174 3527 ex
203 3462 345 3528 finitimis
373 3462 555 3546 regionibus
586 3467 626 3541 et,
661 3481 755 3543 quam
785 3459 943 3544 superiore
972 3467 1094 3524 aestate
1123 3459 1165 3524 ad

133 3566 319 3631 Veneticum
354 3565 469 3631 bellum
503 3565 650 3630 effecerat
684 3563 830 3650 classem,
864 3563 952 3628 iubet
986 3561 1162 3628 convenire.

133 3668 259 3735 interim
288 3668 418 3734 consilio
449 3667 515 3732 eius
545 3666 670 3750 cognito
700 3672 732 3730 et
754 3685 811 3750 per
833 3671 1021 3730 mercatores
1044 3664 1199 3748 perlatos

132 3770 175 3836 ad
196 3772 367 3837 Britannos
388 3792 410 3836 a
431 3769 641 3854 compluribus
667 3767 789 3833 insrrlae
811 3767 991 3832 civitatibus
1019 3765 1062 3830 ad
1093 3786 1164 3830 eum

133 3875 229 3960 legati
253 3874 392 3955 veniunt,
416 3871 469 3956 qui
490 3871 695 3956 polliceantur
724 3868 850 3933 obsides
880 3868 955 3932 dare
984 3875 1079 3949 atque
1109 3867 1163 3931 im-
