2966 4196
303 236 346 302 84
636 252 685 305 DE
702 249 817 304 BELLO
835 247 997 305 GALLICO

301 431 333 492 et
362 425 398 491 L.
431 425 522 491 Cotta
550 423 658 507 legati,
688 423 742 506 qui
776 423 808 486 in
838 421 1054 505 Menapiorum
1082 419 1163 486 fines
1191 419 1334 503 legiones

196 574 199 580 ·
301 527 466 610 duxerant,
496 526 642 591 omnibus
672 546 778 592 eorum
807 525 892 608 agris
914 523 1056 606 vastatis,
1079 522 1244 588 frumentis
1266 542 1332 588 suc

303 631 385 713 cisis,
408 627 562 694 aedificiis
583 628 731 713 incensis,
755 627 839 711 quod
852 626 992 711 Menapii
1014 646 1049 692 se
1071 645 1181 691 omnes
1202 626 1235 690 in
1258 626 1334 691 den·

301 733 442 800 sissimas
472 732 568 798 silvas
598 731 795 814 abdiderant,
827 750 861 796 sa
882 729 924 794 ad
947 730 1114 796 Gaesarem
1136 737 1331 814 receperunt.

268 838 419 905 eGaesar
447 837 481 900 in
510 836 617 919 Belgis
646 835 785 900 omnium
814 833 974 917 legionum
1003 831 1137 898 hiberna
1162 833 1330 900 constituit.

302 959 338 1004 eo
361 939 442 1004 duae
464 938 591 1003 omnino
613 937 757 1002 civitates
780 957 821 1001 ex
835 935 999 1000 Britannia
1020 933 1147 1000 obsides
1169 935 1333 1022 miserunt,

268 1042 442 1124 sreliquae
464 1032 681 1124 neglexerunt.
716 1039 766 1106 his
787 1039 882 1104 rebus
903 1038 1001 1122 gestis
1024 1057 1065 1103 ex
1086 1037 1197 1102 litteris
1220 1039 1333 1106 Caesa·

302 1147 345 1211 ris
367 1145 488 1210 dierum
511 1144 625 1228 viginti
648 1143 834 1228 supplicatio
857 1164 877 1207 a
899 1147 1010 1206 senatu
1032 1139 1158 1206 decreta
1180 1147 1236 1206 est

714 1368 918 1378 ..-—---—-

598 1539 632 1621 c.
659 1538 777 1620 uunn
808 1501 1038 1620 clusinus
1084 1661 1086 1668 Ι

477 1742 568 1840 DE
601 1738 826 1840 BELLO
860 1736 1160 1840 GALLIOO

559 1975 865 2037 COMMENTARIUS
893 1974 1073 2047 QUINTUS.
1168 2015 1172 2022 «

271 2187 283 2234 1
404 2166 429 2229 Ι.
474 2166 509 2228 L.
533 2163 679 2244 Domitio,
701 2163 761 2245 Ap.
794 2161 924 2228 Claudio
955 2161 1134 2226 consulibus
1165 2161 1333 2228 discedens

302 2267 344 2332 ab
366 2266 507 2332 hibernis
529 2265 646 2331 Caesar
667 2263 701 2328 in
723 2264 857 2346 ltaliam,
879 2269 914 2327 ut
936 2263 1104 2346 quotannis
1135 2264 1239 2329 facere
1262 2285 1332 2330 con·

303 2375 417 2452 suerat,
440 2368 554 2452 legatis
576 2368 718 2451 imperat,
742 2387 820 2450 quos
841 2367 1018 2450 legionibus
1039 2367 1245 2451 praefecerat,
1275 2369 1333 2453 uti,

302 2494 396 2557 quam
417 2472 569 2557 plurimas
582 2477 719 2556 possent,
735 2471 841 2536 hieme
856 2491 955 2536 naves
970 2470 1182 2537 aedificandas
1197 2479 1332 2538 veteres-

303 2597 364 2659 que
385 2574 572 2642 reficiendas
594 2580 747 2640 curarent,
786 2595 893 2639 earum
915 2573 1042 2640 modum
1064 2574 1258 2658 formamque
1280 2576 1332 2642 de-

269 2699 284 2746 a
302 2685 463 2746 monstrat.
505 2677 548 2743 ad
569 2678 759 2743 celeritatem
775 2677 926 2742 onerandi
940 2677 1224 2761 subductionesque
1237 2681 1333 2763 paulo

301 2783 378 2848 facit
405 2783 595 2866 humiliores,
626 2801 719 2864 quam
746 2782 860 2864 quibus
888 2782 922 2844 in
951 2787 1057 2846 nostro
1087 2782 1165 2846 mari
1192 2782 1239 2846 uti
1261 2802 1332 2848 con·

302 2887 469 2969 saevimus,
493 2891 588 2967 atque
609 2885 643 2948 id
665 2904 712 2949 eox
725 2885 835 2968 magis,
859 2883 942 2967 quod
964 2889 1092 2968 propter
1107 2885 1238 2952 crebras
1252 2906 1331 2951 com-

302 2990 490 3055 mutationes
530 2993 673 3052 aestuum
714 2987 817 3052 minus
857 3007 989 3068 magnos
1030 2987 1075 3052 ibi
1111 2987 1223 3054 fluctus
1263 2987 1331 3054 fieri

303 3097 507 3176 cognoverat3
531 3090 573 3155 ad
587 3109 683 3156 onera
697 3110 735 3154 aa
749 3089 981 3154 multitudinem
1003 3089 1211 3156 iumentorum
1233 3097 1331 3158 trans

302 3193 487 3278 portandam
509 3193 602 3277 paulo
617 3193 752 3277 latiores,
776 3213 870 3275 quam
885 3192 998 3274 quibus
1019 3193 1052 3256 in
1073 3193 1201 3276 reliquis
1216 3195 1333 3260 utimur

269 3296 450 3366 smaribus.
495 3295 553 3361 has
583 3316 692 3362 omnes
720 3295 875 3360 actuarias
904 3296 1038 3378 imperat
1064 3295 1141 3379 fieri,
1173 3317 1268 3379 quam
1289 3299 1332 3363 ad

268 3420 369 3468 crem
398 3399 530 3463 multum
556 3398 714 3463 humilitas
743 3397 881 3462 adiuvat.
927 3417 974 3480 ea,
1002 3417 1082 3480 quae
1104 3405 1177 3464 sunt
1198 3400 1268 3465 usui
1289 3401 1331 3466 ad

268 3527 283 3573 s
302 3502 470 3568 armandas
492 3520 599 3584 naves,
624 3520 664 3565 ex
686 3500 841 3584 Hispania
862 3500 1021 3583 apportari
1043 3500 1139 3566 iubet.
1170 3501 1239 3586 ipse
1262 3522 1334 3569 con-

301 3606 448 3673 ventibus
475 3603 596 3670 Galliae
624 3603 773 3668 citerioris
799 3603 933 3686 peractis
960 3603 994 3667 in
1021 3604 1182 3686 Illyricum
1212 3607 1333 3690 prolici-

302 3711 405 3794 scitur,
426 3707 509 3793 quod
524 3729 544 3772 a
558 3707 689 3772 Pirustis
712 3705 877 3770 finitimam
900 3711 1022 3789 partem
1037 3707 1218 3790 provinciae
1233 3709 1333 3775 incur-

267 3814 441 3882 osionibus
463 3811 581 3877 vastari
603 3809 759 3875 audiebat.
806 3828 842 3874 eo
874 3828 944 3872 cum
971 3810 1120 3894 venisset,
1153 3812 1335 3881 civitatibus
