2936 4192
231 240 338 296 COMM.
350 227 401 295 111.
421 242 503 295 CAP.
516 241 756 296 XXVI-XXIX.
775 242 883 297 COMM.
896 243 945 298 IV.
964 243 1047 298 cAP.
1060 245 1082 298 1.
1130 231 1172 292 65
1241 315 1243 320 Ι

242 413 363 477 XXIX.
398 413 538 495 Reliquis
557 413 707 499 deinceps
725 414 837 480 diebus
857 416 973 482 Caesar
992 417 1088 482 silvas
1103 437 1170 482 cae·
1192 438 1205 484 1

139 514 214 581 dere
242 515 378 581 instituit
399 523 448 597 et,
479 536 520 581 ne
540 517 622 599 'quis
655 517 827 583 inermibus
859 517 1172 602 imprudentibusque

140 619 290 684 militibus
322 621 362 686 ab
396 619 495 684 latere
526 619 663 704 impetus
695 620 763 685 fieri
795 629 911 704 posset,
946 640 1071 685 omnem
1103 641 1173 686 cam

138 722 312 803 materiam,
340 741 421 804 quae
444 729 511 787 erat
534 743 635 805 caesa,
667 743 850 789 conversam
872 723 914 787 ad
936 723 1060 789 hostem
1083 726 1173 790 collo-

139 826 232 890 cabat
255 831 286 890 et
308 844 364 909 pro
386 827 468 890 vallo
490 825 532 890 ad
553 832 720 908 utrumque
741 827 824 891 latus
847 828 1038 891 exstruebat.
1073 827 1205 895 incre-a

138 927 229 992 dibili
259 929 417 993 celeritate
449 947 564 1012 magno
595 929 695 1012 spatio
729 929 838 1013 paucis
872 927 984 994 diebus
1018 928 1170 1011 confecto,

139 1052 210 1096 cum
238 1030 303 1094 iam
331 1050 428 1113 pecus
457 1037 552 1112 atque
575 1038 717 1095 extrema
745 1030 971 1115 impedimenta
992 1032 1172 1097 abnostris

138 1139 330 1215 tenerentur,
353 1134 414 1217 ipsi
437 1133 597 1198 densiores
620 1134 715 1199 silvas
737 1141 890 1219 peterent,
919 1134 1072 1201 eiusmodi
1099 1142 1172 1200 sunt

139 1241 343 1320 tempestates
366 1243 561 1318 consecutae,
584 1237 631 1301 uti
653 1257 732 1321 opus
753 1238 931 1303 necessario
953 1238 1172 1304 intermittere-

139 1347 189 1404 tur
211 1346 243 1403 et
266 1339 500 1404 continuatione
522 1339 668 1403 imbrium
683 1339 800 1406 diutius
822 1342 880 1406 sub
899 1341 1035 1425 pellibus
1057 1341 1172 1407 milites

140 1441 293 1506 contineri
322 1461 386 1505 non
415 1448 553 1525 possent.
598 1442 705 1525 itaque
733 1443 866 1508 vastatis
895 1443 1041 1508 omnibus
1065 1463 1204 1510 eorume

140 1545 234 1628 agris,
257 1543 336 1608 vicis
365 1543 580 1626 aedificiisque
608 1545 746 1610 incensis
777 1546 893 1611 Caesar
923 1546 1096 1611 exercitum
1127 1567 1171 1611 re·

140 1647 231 1711 duxit
261 1652 292 1711 et
321 1646 354 1710 in
376 1646 518 1711 Aulercis
540 1647 762 1728 Lexobiisquc,
792 1648 921 1729 reliquis
942 1648 1018 1712 item
1041 1648 1171 1712 civitati-

141 1749 209 1830 bus,
233 1767 314 1830 quae
334 1749 477 1831 proxime
493 1749 608 1813 bellum
623 1749 773 1830 fecerant,
792 1750 826 1814 in
841 1749 981 1814 hibernis
997 1749 1168 1814 collocavit.

437 2125 620 2208 (1111111
652 2125 883 2209 clusinis

244 2294 341 2392 DE
387 2290 658 2390 BELLO
706 2290 1072 2393 GALLICO

394 2489 701 2551 commonuimus
724 2491 914 2564 quassus.

242 2678 267 2742 Ι.
290 2677 347 2758 Ea,
364 2696 445 2759 quae
460 2685 567 2741 secuta
584 2682 640 2756 est,
663 2674 776 2759 hieme,
801 2675 854 2757 qui
869 2673 928 2738 fuit
943 2695 1045 2738 annus
1061 2673 1169 2739 Gnaeo
1190 2695 1202 2741 1

140 2781 298 2865 Pompeio,
325 2781 429 2845 Marco
453 2779 565 2845 Orasso
588 2777 775 2858 consulibus,
798 2777 945 2860 Usipetes
968 2777 1116 2842 Germani
1139 2783 1170 2840 et

139 2885 215 2949 item
237 2883 383 2948 Tencteri
401 2903 523 2967 ¹magna
548 2902 619 2946 cum
645 2879 845 2945 multitudine
866 2880 1028 2945 bominum
1053 2879 1170 2944 flumen

139 2987 286 3052 Rhenum
312 2986 503 3051 transierunt
530 3005 593 3050 non
619 2984 714 3068 longe
736 3004 756 3048 a
778 2984 866 3074 mari,
891 3003 951 3066 quo
973 2983 1104 3048 Rhenus
1125 2983 1171 3046 in-

140 3089 216 3154 fluit.
263 3109 358 3154 causa
379 3086 563 3152 transeundi
589 3087 658 3171 fuit,
687 3085 770 3169 quod
792 3087 833 3151 ab
861 3086 974 3152 Suebis
997 3085 1170 3170 complures
1189 3105 1204 3152 a

140 3212 241 3257 annos
263 3191 416 3274 exagitati
430 3191 512 3254 bello
527 3190 750 3274 premebantur
772 3195 803 3254 et
824 3190 1015 3272 agricultura
1029 3188 1171 3273 prohibe·

140 3295 264 3360 bantur.
302 3294 476 3360 Sueborum
498 3312 578 3376 gens
601 3298 648 3358 cst
669 3292 764 3376 longe
785 3294 926 3356 maxima
948 3299 979 3358 et
1001 3293 1169 3358 bellicosis·
1188 3313 1203 3359 3

140 3399 220 3463 sima
250 3385 484 3463 Germanorum‘
505 3397 653 3462 omnium.
698 3395 732 3458 hi
763 3402 888 3460 centum
921 3414 1021 3478 pagos
1054 3395 1205 3462 baberet

141 3500 295 3581 dicuntur,
324 3520 365 3564 ex
392 3499 505 3581 quibus
529 3498 696 3581 quotannis
723 3498 848 3580 singula
874 3498 960 3561 milia
982 3503 1171 3561 armatorum
1205 3493 1207 3497 ’

141 3602 279 3668 bellandi
309 3621 404 3667 causa
434 3621 474 3666 cx
504 3601 620 3666 finibus
650 3600 796 3665 educunt.
843 3601 964 3682 reliqui,
1000 3600 1053 3680 qui
1086 3598 1205 3674 domis

141 3711 333 3786 manserunt,
357 3724 391 3769 se
405 3711 501 3786 atque
516 3704 585 3769 illos
607 3705 708 3787 alunt,
732 3703 765 3767 bi
787 3723 894 3768 rursus
915 3703 1066 3766 invicem
1088 3721 1171 3765 anno

141 3815 211 3892 post
233 3809 267 3872 in
289 3808 385 3872 armis
408 3813 490 3886 sunt,
514 3807 558 3869 illi
581 3807 665 3871 domi
687 3811 860 3869 remanent
899 3806 944 3870 sic
966 3824 1069 3886 neque
1093 3804 1205 3886 agri-e

193 3919 310 3966 Cacsar,
325 3917 351 3958 de
366 3917 422 3957 bello
438 3916 525 3956 Gallico.
1001 3913 1016 3957 5
