2936 4192
272 185 292 245 2
611 197 660 250 DE
678 196 794 250 BELLO
813 195 970 250 GALLIOO

272 380 304 435 et
326 370 446 436 eivitati
468 369 633 456 persuasit,
657 376 692 432 ut
714 369 755 433 de
776 367 892 432 finibus
916 368 981 433 suis
1004 387 1075 433 oum
1095 368 1239 434 omnibus
1260 389 1306 432 eo·

238 473 334 558 apiis
361 475 498 539 exirent:
526 471 677 557 perfacile
705 491 784 555 esse,
812 491 884 535 oum
906 471 1021 536 virtute
1048 472 1193 536 omnibus
1220 491 1307 555 prae-

238 583 401 659 astarent,
424 576 519 641 totius
541 575 663 640 Galliae
685 573 816 658 imperio
839 573 941 657 potiri.
979 573 1013 638 id
1034 573 1095 639 hoo
1116 573 1240 640 facilius
1262 574 1307 639 eis

272 679 438 764 persuasit,
462 678 546 762 quod
565 677 703 760 undique
725 677 785 741 looi
804 683 917 742 natura
935 677 1074 742 Helvetii
1095 678 1306 744 eontinentur:

273 802 338 847 una
364 802 406 867 ex
431 789 522 866 parte
548 780 678 846 flumine
703 779 815 844 Rheno
842 780 994 848 latissimo
1023 788 1119 864 atque
1144 781 1305 864 altissim0,

274 885 328 967 qui
341 905 454 968 agrurn
468 883 648 949 Helvetium
663 903 684 948 a
699 882 865 948 Germanis
887 882 1009 967 dividit,
1033 885 1133 948 altera
1155 904 1196 949 ex
1218 891 1307 968 parte

274 994 380 1053 monte
393 989 467 1052 Iura
485 987 647 1070 altissimo,
668 985 722 1069 qui
742 991 791 1050 est
808 985 891 1050 inter
905 986 1068 1068 Sequanos
1087 995 1119 1052 et
1134 987 1306 1070 Helvetios,

228 1089 230 1094 ’
273 1091 366 1155 tertia
387 1091 459 1155 laou
473 1091 635 1156 Lemanno
655 1096 686 1154 et
704 1089 834 1154 flumine
848 1089 1012 1174 Rhodano,
1037 1091 1090 1174 qui
1112 1090 1306 1174 provinciam

240 1201 414 1259 rnostram
443 1195 483 1259 ab
513 1193 668 1258 Helvetiis
697 1192 819 1256 dividit.
873 1192 922 1258 bis
949 1194 1043 1258 rebus
1072 1193 1182 1277 fiebat,
1212 1201 1248 1258 ut
1276 1199 1308 1257 et

275 1296 379 1362 minus
405 1297 469 1361 late
495 1303 687 1380 vagarentur
715 1303 746 1361 et
772 1296 876 1361 minus
902 1295 996 1361 faoile
1022 1296 1163 1362 finitimis
1189 1297 1307 1362 bellum

274 1398 390 1466 inferre
405 1391 548 1485 possent;
559 1420 665 1483 ‘quare
684 1399 826 1466 homines
841 1400 980 1465 bellandi
1000 1400 1107 1484 cupidi
1125 1421 1240 1484 magno
1256 1400 1307 1464 do·

240 1525 257 1571 s
274 1504 339 1568 lore
354 1503 581 1569 afficiebantur.
612 1524 669 1587 pro
688 1502 887 1568 multitudine
906 1510 1012 1568 autem
1027 1502 1188 1568 hominum
1204 1510 1236 1566 et
1249 1524 1306 1586 pro

172 1685 174 1690 Ι
275 1606 375 1690 gloria
400 1607 475 1671 belli
503 1613 598 1688 atque
625 1605 816 1671 fortitudinis
842 1613 993 1689 angustos
1020 1625 1055 1671 se
1081 1605 1161 1670 fines
1188 1604 1305 1670 habere

275 1709 515 1793 arbitrabantur,
539 1709 593 1792 qui
614 1709 648 1774 in
670 1707 898 1794 longitudinem
918 1709 1005 1774 milia
1018 1729 1168 1792 passuum
1184 1707 1304 1791 CCXL,

274 1813 307 1878 in
329 1811 527 1877 latitudinem
550 1812 698 1879 CLXXX
719 1813 880 1896 patebant.

243 1935 256 1981 r
377 1916 435 1980 ΙΠ.
459 1915 518 1980 Η11
550 1916 644 1980 rebus
677 1914 805 1979 adduoti
837 1921 868 1978 et
897 1916 1081 1980 auctoritate
1111 1913 1305 1998 Orgetorigis

275 2017 408 2099 permoti
434 2017 661 2081 constituerunt
685 2035 735 2098 ea,
768 2035 849 2097 quae
878 2015 920 2080 ad
949 2016 1209 2098 proficiscendum
1238 2037 1305 2102 per·

275 2119 420 2201 tinerent,
437 2137 628 2201 eomparare,
648 2118 856 2182 iumentorum
876 2124 907 2182 et
923 2138 1079 2183 carrorum
1094 2139 1188 2201 quam
1207 2121 1305 2184 maxi-

276 2241 361 2285 mum
376 2240 540 2285 numerum
555 2226 705 2303 coemere,
730 2226 887 2284 sementes
907 2241 1000 2302 quam
1019 2221 1174 2288 maximas
1190 2223 1303 2307 faeere,

276 2324 357 2387 utin
372 2323 483 2387 itinere
498 2322 588 2406 eopia
602 2321 751 2386 frumenti
766 2329 955 2406 suppeteret,
976 2343 1047 2387 oum
1062 2325 1213 2408 proximis
1233 2326 1305 2390 eivi-

242 2426 393 2493 statibus
415 2446 527 2510 paoem
550 2433 581 2490 et
602 2425 773 2490 amicitiam
797 2425 988 2491 confirmare.
1028 2427 1070 2492 ed
1092 2449 1146 2493 eas
1169 2448 1219 2494 res
1235 2449 1303 2493 oon-

275 2529 427 2595 fioiendas
449 2529 611 2595 biennium
632 2529 693 2594 sibi
720 2529 797 2595 satis
824 2550 893 2596 esse
921 2530 1091 2596 duxerunt:
1118 2532 1151 2596 in
1178 2533 1302 2596 tertium

242 2653 393 2700 nannum
425 2632 651 2717 profectionem
683 2633 754 2715 lege
792 2633 984 2698 confirmant.
1041 2633 1206 2718 Orgetorix
1244 2635 1302 2700 sibi

275 2737 464 2820 legationem
486 2735 528 2800 ad
549 2736 692 2800 civitates
712 2737 857 2820 suscepit.
892 2737 925 2801 in
946 2756 982 2801 eo
1003 2737 1114 2802 itinere
1136 2737 1303 2820 persuadet

241 2840 410 2920 40111111,
433 2838 718 2904 Catamantaloedis
745 2838 817 2922 filio,
846 2840 1001 2922 Sequano,
1030 2840 1116 2904 euius
1142 2847 1233 2922 peter
1258 2860 1302 2904 re-

276 2962 374 3023 gnum
395 2941 427 3004 in
451 2941 604 3022 Sequanis
626 2941 739 3005 multos
761 2961 861 3006 annos
884 2941 1061 3006 obtinuerat
1087 2949 1118 3007 et
1145 2963 1166 3007 a
1191 2950 1302 3008 senatu

252 3085 258 3096 ·
276 3044 382 3128 populi
397 3043 530 3107 Romani
544 3043 663 3108 amious
678 3044 854 3126 appellatus
875 3050 950 3127 erat,
973 3051 1008 3107 ut
1026 3064 1158 3127 regnum
1178 3046 1210 3109 in
1231 3047 1302 3110 oiri-

242 3154 341 3214 state
363 3167 420 3212 sua
441 3152 616 3229 oocuparet,
645 3145 729 3228 quod
756 3154 846 3229 pater
871 3153 945 3211 ante
971 3147 1137 3232 habuerat;
1165 3149 1302 3231 itemque

276 3249 461 3330 Dumnorigi
482 3249 601 3331 Aeduo,
629 3248 717 3312 fratri
739 3249 895 3332 Divitiaoi,
924 3249 977 3330 qui
1000 3269 1036 3314 eo
1059 3257 1198 3333 tempore
1220 3252 1301 3334 prin·

276 3353 413 3434 oipatum
435 3352 469 3415 in
492 3352 619 3416 civitate
641 3351 803 3416 obtinebat
829 3371 866 3415 ae
889 3352 1025 3414 maxime
1047 3353 1133 3434 plebi
1155 3359 1301 3436 aceeptus
1384 3361 1386 3366 ‘
1457 3411 1458 3418 ,

277 3461 351 3536 erat,
375 3461 409 3517 ut
430 3453 514 3518 idem
536 3462 708 3536 oonaretur,
735 3453 903 3535 persuadet
926 3455 1016 3536 eique
1039 3454 1136 3518 filiam
1157 3475 1246 3520 suam
1267 3456 1300 3520 in

242 3577 259 3625 e
276 3557 506 3621 matrimonium
526 3556 588 3619 dat.
623 3555 772 3639 perfaoile
791 3555 876 3618 laetu
895 3575 964 3620 esse
983 3555 1044 3621 illis
1058 3557 1170 3640 probat
1190 3566 1301 3623 conata

277 3659 439 3743 perficere,
468 3666 634 3742 propterea
663 3657 746 3740 quod
775 3659 843 3742 ipse
872 3678 948 3723 suae
975 3659 1110 3725 civitatis
1137 3661 1301 3744 imperium

276 3761 459 3826 obtenturus
486 3769 582 3826 esset:
609 3781 672 3825 non
701 3781 770 3826 esse
797 3761 935 3845 dubium,
963 3763 1037 3846 quin
1065 3765 1158 3828 totius
1181 3765 1301 3830 Galliae
