<?xml version="1.0" encoding="UTF-8"?>
<!DOCTYPE html PUBLIC "-//W3C//DTD XHTML 1.0 Transitional//EN"
    "http://www.w3.org/TR/xhtml1/DTD/xhtml1-transitional.dtd">
<html xmlns="http://www.w3.org/1999/xhtml" xml:lang="en" lang="en">
 <head>
  <title>
</title>
<meta http-equiv="Content-Type" content="text/html;charset=utf-8" />
  <meta name='ocr-system' content='tesseract 3.04.00' />
  <meta name='ocr-capabilities' content='ocr_page ocr_carea ocr_par ocr_line ocrx_word'/>
</head>
<body>
  <div class='ocr_page' id='page_1' title='image "./commentariidebe00pramgoog_0147.png"; bbox 0 0 2966 4196; ppageno 0'>
   <div class='ocr_carea' id='block_1_1' title="bbox 268 219 970 288">
    <p class='ocr_par' dir='ltr' id='par_1_1' title="bbox 268 219 970 288">
     <span class='ocr_line' id='line_1_1' title="bbox 268 219 970 288; baseline 0.006 -4"><span class='ocrx_word' id='word_1_1' title='bbox 268 219 330 284; x_wconf 77' lang='lat'>132</span> <span class='ocrx_word' id='word_1_2' title='bbox 604 233 655 288; x_wconf 87' lang='lat' dir='ltr'>DE</span> <span class='ocrx_word' id='word_1_3' title='bbox 672 231 790 288; x_wconf 87' lang='lat' dir='ltr'>BELLO</span> <span class='ocrx_word' id='word_1_4' title='bbox 807 231 970 288; x_wconf 76' lang='lat' dir='ltr'>GALLIco</span> 
     </span>
    </p>
   </div>
   <div class='ocr_carea' id='block_1_2' title="bbox 231 403 1301 799">
    <p class='ocr_par' dir='ltr' id='par_1_2' title="bbox 231 403 1301 799">
     <span class='ocr_line' id='line_1_2' title="bbox 265 403 1299 490; baseline -0.002 -18"><span class='ocrx_word' id='word_1_5' title='bbox 265 427 304 472; x_wconf 91' lang='lat' dir='ltr'>ac</span> <span class='ocrx_word' id='word_1_6' title='bbox 326 405 477 490; x_wconf 80' lang='lat' dir='ltr'>dispersis</span> <span class='ocrx_word' id='word_1_7' title='bbox 498 405 672 490; x_wconf 88' lang='lat' dir='ltr'>periculum</span> <span class='ocrx_word' id='word_1_8' title='bbox 693 403 839 472; x_wconf 89' lang='lat' dir='ltr'>accidere</span> <span class='ocrx_word' id='word_1_9' title='bbox 861 442 903 454; x_wconf 93' lang='lat'>—</span> <span class='ocrx_word' id='word_1_10' title='bbox 926 403 984 472; x_wconf 91' lang='lat' dir='ltr'>sed</span> <span class='ocrx_word' id='word_1_11' title='bbox 1009 403 1045 470; x_wconf 90' lang='lat' dir='ltr'>in</span> <span class='ocrx_word' id='word_1_12' title='bbox 1067 403 1201 489; x_wconf 79' lang='lat' dir='ltr'>singulis</span> <span class='ocrx_word' id='word_1_13' title='bbox 1222 403 1299 470; x_wconf 90' lang='lat' dir='ltr'>mili·</span> 
     </span>
     <span class='ocr_line' id='line_1_3' title="bbox 266 507 1300 593; baseline -0.002 -19"><span class='ocrx_word' id='word_1_14' title='bbox 266 509 350 574; x_wconf 90' lang='lat' dir='ltr'>tibus</span> <span class='ocrx_word' id='word_1_15' title='bbox 373 507 613 590; x_wconf 79' lang='lat' dir='ltr'>conservandis3</span> <span class='ocrx_word' id='word_1_16' title='bbox 637 527 718 590; x_wconf 91' lang='lat' dir='ltr'>quae</span> <span class='ocrx_word' id='word_1_17' title='bbox 733 513 840 574; x_wconf 86' lang='lat' dir='ltr'>tamen</span> <span class='ocrx_word' id='word_1_18' title='bbox 863 527 904 574; x_wconf 88' lang='lat' dir='ltr'>ex</span> <span class='ocrx_word' id='word_1_19' title='bbox 919 513 1009 593; x_wconf 89' lang='lat' dir='ltr'>parte</span> <span class='ocrx_word' id='word_1_20' title='bbox 1030 527 1082 574; x_wconf 90' lang='lat' dir='ltr'>res</span> <span class='ocrx_word' id='word_1_21' title='bbox 1103 507 1146 572; x_wconf 86' lang='lat' dir='ltr'>ad</span> <span class='ocrx_word' id='word_1_22' title='bbox 1167 507 1300 574; x_wconf 91' lang='lat' dir='ltr'>salutem</span> 
     </span>
     <span class='ocr_line' id='line_1_4' title="bbox 231 609 1301 696; baseline -0.001 -18"><span class='ocrx_word' id='word_1_23' title='bbox 231 611 424 679; x_wconf 77' lang='lat' dir='ltr'>rexercitus</span> <span class='ocrx_word' id='word_1_24' title='bbox 445 611 632 696; x_wconf 81' lang='lat' dir='ltr'>pertinebat.</span> <span class='ocrx_word' id='word_1_25' title='bbox 679 616 808 676; x_wconf 92' lang='lat' dir='ltr'>namet</span> <span class='ocrx_word' id='word_1_26' title='bbox 833 609 972 695; x_wconf 85' lang='lat' dir='ltr'>praedae</span> <span class='ocrx_word' id='word_1_27' title='bbox 1000 609 1157 695; x_wconf 79' lang='lat' dir='ltr'>cupiditas</span> <span class='ocrx_word' id='word_1_28' title='bbox 1186 611 1301 677; x_wconf 83' lang='lat' dir='ltr'>multos</span> 
     </span>
     <span class='ocr_line' id='line_1_5' title="bbox 266 713 1300 799; baseline 0 -21"><span class='ocrx_word' id='word_1_29' title='bbox 266 713 390 799; x_wconf 84' lang='lat' dir='ltr'>longius</span> <span class='ocrx_word' id='word_1_30' title='bbox 412 715 575 795; x_wconf 81' lang='lat' dir='ltr'>evocabat,</span> <span class='ocrx_word' id='word_1_31' title='bbox 599 719 631 779; x_wconf 91' lang='lat' dir='ltr'>et</span> <span class='ocrx_word' id='word_1_32' title='bbox 652 713 752 780; x_wconf 89' lang='lat' dir='ltr'>silvae</span> <span class='ocrx_word' id='word_1_33' title='bbox 773 713 903 780; x_wconf 91' lang='lat' dir='ltr'>incertis</span> <span class='ocrx_word' id='word_1_34' title='bbox 921 713 1114 796; x_wconf 91' lang='lat' dir='ltr'>occultisque</span> <span class='ocrx_word' id='word_1_35' title='bbox 1135 713 1300 780; x_wconf 89' lang='lat' dir='ltr'>itineribus</span> 
     </span>
    </p>
   </div>
   <div class='ocr_carea' id='block_1_3' title="bbox 232 809 1430 901">
    <p class='ocr_par' dir='ltr' id='par_1_3' title="bbox 232 805 1430 901">
     <span class='ocr_line' id='line_1_6' title="bbox 232 809 1430 901; baseline -0.008 -15"><span class='ocrx_word' id='word_1_36' title='bbox 232 817 424 886; x_wconf 83' lang='lat' dir='ltr'>econiertos</span> <span class='ocrx_word' id='word_1_37' title='bbox 445 816 534 883; x_wconf 88' lang='lat' dir='ltr'>adire</span> <span class='ocrx_word' id='word_1_38' title='bbox 556 816 776 901; x_wconf 89' lang='lat' dir='ltr'>prohibebant.</span> <span class='ocrx_word' id='word_1_39' title='bbox 807 817 834 883; x_wconf 94' lang='lat' dir='ltr'>si</span> <span class='ocrx_word' id='word_1_40' title='bbox 856 817 1018 901; x_wconf 82' lang='lat' dir='ltr'>negotium</span> <span class='ocrx_word' id='word_1_41' title='bbox 1034 815 1146 882; x_wconf 92' lang='lat' dir='ltr'>confici</span> <span class='ocrx_word' id='word_1_42' title='bbox 1160 815 1301 901; x_wconf 86' lang='lat' dir='ltr'>stirpem·</span> <span class='ocrx_word' id='word_1_43' title='bbox 1405 844 1408 848; x_wconf 95' lang='lat'>·</span> <span class='ocrx_word' id='word_1_44' title='bbox 1429 809 1430 813; x_wconf 67' lang='grc'>’</span> 
     </span>
    </p>
   </div>
   <div class='ocr_carea' id='block_1_4' title="bbox 190 917 1361 3776">
    <p class='ocr_par' dir='ltr' id='par_1_4' title="bbox 267 917 1301 1003">
     <span class='ocr_line' id='line_1_7' title="bbox 267 917 1301 1003; baseline 0 -19"><span class='ocrx_word' id='word_1_45' title='bbox 267 938 329 1002; x_wconf 91' lang='lat' dir='ltr'>que</span> <span class='ocrx_word' id='word_1_46' title='bbox 358 919 520 985; x_wconf 91' lang='lat' dir='ltr'>hominum</span> <span class='ocrx_word' id='word_1_47' title='bbox 550 919 772 986; x_wconf 88' lang='lat' dir='ltr'>sceleratorum</span> <span class='ocrx_word' id='word_1_48' title='bbox 800 919 937 987; x_wconf 90' lang='lat' dir='ltr'>interfici</span> <span class='ocrx_word' id='word_1_49' title='bbox 958 919 1064 1003; x_wconf 85' lang='lat' dir='ltr'>vellet,</span> <span class='ocrx_word' id='word_1_50' title='bbox 1094 917 1301 998; x_wconf 84' lang='lat' dir='ltr'>dimittendae</span> 
     </span>
    </p>

    <p class='ocr_par' dir='ltr' id='par_1_5' title="bbox 232 1019 1302 1209">
     <span class='ocr_line' id='line_1_8' title="bbox 232 1019 1300 1108; baseline -0.005 -18"><span class='ocrx_word' id='word_1_51' title='bbox 232 1043 247 1090; x_wconf 85' lang='lat' dir='ltr'>s</span> <span class='ocrx_word' id='word_1_52' title='bbox 266 1023 371 1106; x_wconf 90' lang='lat' dir='ltr'>plures</span> <span class='ocrx_word' id='word_1_53' title='bbox 393 1043 508 1088; x_wconf 87' lang='lat' dir='ltr'>manus</span> <span class='ocrx_word' id='word_1_54' title='bbox 530 1020 763 1104; x_wconf 80' lang='lat' dir='ltr'>diducendique</span> <span class='ocrx_word' id='word_1_55' title='bbox 778 1029 869 1088; x_wconf 89' lang='lat' dir='ltr'>erant</span> <span class='ocrx_word' id='word_1_56' title='bbox 889 1022 1018 1108; x_wconf 89' lang='lat' dir='ltr'>milites;</span> <span class='ocrx_word' id='word_1_57' title='bbox 1041 1021 1069 1088; x_wconf 92' lang='lat' dir='ltr'>si</span> <span class='ocrx_word' id='word_1_58' title='bbox 1084 1021 1245 1088; x_wconf 91' lang='lat' dir='ltr'>continere</span> <span class='ocrx_word' id='word_1_59' title='bbox 1258 1019 1300 1085; x_wconf 84' lang='lat' dir='ltr'>ad</span> 
     </span>
     <span class='ocr_line' id='line_1_9' title="bbox 267 1122 1302 1209; baseline -0.001 -20"><span class='ocrx_word' id='word_1_60' title='bbox 267 1125 360 1208; x_wconf 85' lang='lat' dir='ltr'>signa</span> <span class='ocrx_word' id='word_1_61' title='bbox 388 1125 566 1209; x_wconf 89' lang='lat' dir='ltr'>manipulos</span> <span class='ocrx_word' id='word_1_62' title='bbox 587 1125 692 1208; x_wconf 89' lang='lat' dir='ltr'>vellet,</span> <span class='ocrx_word' id='word_1_63' title='bbox 722 1131 758 1191; x_wconf 93' lang='lat' dir='ltr'>ut</span> <span class='ocrx_word' id='word_1_64' title='bbox 786 1125 931 1192; x_wconf 87' lang='lat' dir='ltr'>instituta</span> <span class='ocrx_word' id='word_1_65' title='bbox 951 1125 1031 1190; x_wconf 86' lang='lat' dir='ltr'>ratio</span> <span class='ocrx_word' id='word_1_66' title='bbox 1054 1129 1086 1190; x_wconf 91' lang='lat' dir='ltr'>et</span> <span class='ocrx_word' id='word_1_67' title='bbox 1108 1122 1302 1190; x_wconf 88' lang='lat' dir='ltr'>consuetudo</span> 
     </span>
    </p>

    <p class='ocr_par' dir='ltr' id='par_1_6' title="bbox 190 1225 1301 1414">
     <span class='ocr_line' id='line_1_10' title="bbox 190 1225 1301 1312; baseline 0 -20"><span class='ocrx_word' id='word_1_68' title='bbox 190 1233 192 1236; x_wconf 82' lang='grc'><strong>’</strong></span> <span class='ocrx_word' id='word_1_69' title='bbox 268 1227 434 1293; x_wconf 85' lang='lat' dir='ltr'>exercitus.</span> <span class='ocrx_word' id='word_1_70' title='bbox 453 1227 588 1293; x_wconf 86' lang='lat' dir='ltr'>Romani</span> <span class='ocrx_word' id='word_1_71' title='bbox 616 1227 806 1312; x_wconf 88' lang='lat' dir='ltr'>postulabat,</span> <span class='ocrx_word' id='word_1_72' title='bbox 835 1229 923 1294; x_wconf 90' lang='lat' dir='ltr'>locus</span> <span class='ocrx_word' id='word_1_73' title='bbox 952 1227 1021 1312; x_wconf 90' lang='lat' dir='ltr'>ipsc</span> <span class='ocrx_word' id='word_1_74' title='bbox 1051 1232 1119 1294; x_wconf 88' lang='lat' dir='ltr'>eret</span> <span class='ocrx_word' id='word_1_75' title='bbox 1143 1225 1301 1312; x_wconf 89' lang='lat' dir='ltr'>praesidio</span> 
     </span>
     <span class='ocr_line' id='line_1_11' title="bbox 267 1329 1301 1414; baseline -0.002 -19"><span class='ocrx_word' id='word_1_76' title='bbox 267 1329 419 1411; x_wconf 88' lang='lat' dir='ltr'>barbaris,</span> <span class='ocrx_word' id='word_1_77' title='bbox 442 1349 545 1412; x_wconf 90' lang='lat' dir='ltr'>neque</span> <span class='ocrx_word' id='word_1_78' title='bbox 568 1350 610 1395; x_wconf 87' lang='lat' dir='ltr'>ex</span> <span class='ocrx_word' id='word_1_79' title='bbox 625 1330 746 1397; x_wconf 83' lang='lat' dir='ltr'>occudto</span> <span class='ocrx_word' id='word_1_80' title='bbox 760 1329 932 1396; x_wconf 92' lang='lat' dir='ltr'>insidiandi</span> <span class='ocrx_word' id='word_1_81' title='bbox 955 1336 987 1396; x_wconf 93' lang='lat' dir='ltr'>et</span> <span class='ocrx_word' id='word_1_82' title='bbox 1001 1329 1159 1414; x_wconf 89' lang='lat' dir='ltr'>dispersos</span> <span class='ocrx_word' id='word_1_83' title='bbox 1174 1329 1301 1394; x_wconf 88' lang='lat' dir='ltr'>circum-</span> 
     </span>
    </p>

    <p class='ocr_par' dir='ltr' id='par_1_7' title="bbox 232 1430 1361 1823">
     <span class='ocr_line' id='line_1_12' title="bbox 232 1430 1302 1517; baseline -0.005 -17"><span class='ocrx_word' id='word_1_84' title='bbox 232 1453 248 1500; x_wconf 79' lang='grc' dir='ltr'>ι</span> <span class='ocrx_word' id='word_1_85' title='bbox 267 1431 417 1498; x_wconf 91' lang='lat' dir='ltr'>veniendi</span> <span class='ocrx_word' id='word_1_86' title='bbox 439 1432 572 1517; x_wconf 82' lang='lat' dir='ltr'>singulis</span> <span class='ocrx_word' id='word_1_87' title='bbox 594 1433 704 1498; x_wconf 89' lang='lat' dir='ltr'>deerat</span> <span class='ocrx_word' id='word_1_88' title='bbox 724 1433 867 1498; x_wconf 89' lang='lat' dir='ltr'>audacia.</span> <span class='ocrx_word' id='word_1_89' title='bbox 913 1439 948 1498; x_wconf 91' lang='lat' dir='ltr'>ut</span> <span class='ocrx_word' id='word_1_90' title='bbox 977 1431 1011 1498; x_wconf 95' lang='lat' dir='ltr'>in</span> <span class='ocrx_word' id='word_1_91' title='bbox 1042 1430 1195 1498; x_wconf 90' lang='lat' dir='ltr'>eiusmodi</span> <span class='ocrx_word' id='word_1_92' title='bbox 1220 1430 1302 1496; x_wconf 84' lang='lat' dir='ltr'>diffi-</span> 
     </span>
     <span class='ocr_line' id='line_1_13' title="bbox 267 1533 1301 1620; baseline -0.002 -20"><span class='ocrx_word' id='word_1_93' title='bbox 267 1535 445 1617; x_wconf 85' lang='lat' dir='ltr'>cultatibus,</span> <span class='ocrx_word' id='word_1_94' title='bbox 469 1534 800 1620; x_wconf 85' lang='lat' dir='ltr'>quantumdiligcntia</span> <span class='ocrx_word' id='word_1_95' title='bbox 821 1535 980 1620; x_wconf 87' lang='lat' dir='ltr'>provideri</span> <span class='ocrx_word' id='word_1_96' title='bbox 1002 1541 1135 1620; x_wconf 89' lang='lat' dir='ltr'>poterat,</span> <span class='ocrx_word' id='word_1_97' title='bbox 1158 1533 1301 1620; x_wconf 83' lang='lat' dir='ltr'>provide</span> 
     </span>
     <span class='ocr_line' id='line_1_14' title="bbox 266 1637 1361 1722; baseline -0.003 -18"><span class='ocrx_word' id='word_1_98' title='bbox 266 1639 367 1722; x_wconf 91' lang='lat' dir='ltr'>batur,</span> <span class='ocrx_word' id='word_1_99' title='bbox 401 1644 437 1703; x_wconf 92' lang='lat' dir='ltr'>ut</span> <span class='ocrx_word' id='word_1_100' title='bbox 465 1637 569 1722; x_wconf 91' lang='lat' dir='ltr'>potius</span> <span class='ocrx_word' id='word_1_101' title='bbox 599 1638 633 1704; x_wconf 91' lang='lat' dir='ltr'>in</span> <span class='ocrx_word' id='word_1_102' title='bbox 652 1637 807 1722; x_wconf 18' lang='lat' dir='ltr'>,nocendo</span> <span class='ocrx_word' id='word_1_103' title='bbox 839 1637 960 1720; x_wconf 89' lang='lat' dir='ltr'>aliquid</span> <span class='ocrx_word' id='word_1_104' title='bbox 991 1637 1301 1722; x_wconf 83' lang='lat' dir='ltr'>praetermitteretur,</span> <span class='ocrx_word' id='word_1_105' title='bbox 1359 1672 1361 1675; x_wconf 92' lang='lat'>·</span> 
     </span>
     <span class='ocr_line' id='line_1_15' title="bbox 267 1739 1299 1823; baseline -0.002 -17"><span class='ocrx_word' id='word_1_106' title='bbox 267 1740 326 1806; x_wconf 90' lang='lat' dir='ltr'>etsi</span> <span class='ocrx_word' id='word_1_107' title='bbox 347 1741 488 1806; x_wconf 89' lang='lat' dir='ltr'>omnium</span> <span class='ocrx_word' id='word_1_108' title='bbox 509 1741 607 1806; x_wconf 92' lang='lat' dir='ltr'>animi</span> <span class='ocrx_word' id='word_1_109' title='bbox 628 1739 670 1806; x_wconf 89' lang='lat' dir='ltr'>ad</span> <span class='ocrx_word' id='word_1_110' title='bbox 691 1739 906 1807; x_wconf 91' lang='lat' dir='ltr'>ulciscendum</span> <span class='ocrx_word' id='word_1_111' title='bbox 924 1739 1089 1823; x_wconf 86' lang='lat' dir='ltr'>ardebant,</span> <span class='ocrx_word' id='word_1_112' title='bbox 1112 1759 1207 1822; x_wconf 88' lang='lat' dir='ltr'>quam</span> <span class='ocrx_word' id='word_1_113' title='bbox 1229 1759 1299 1804; x_wconf 92' lang='lat' dir='ltr'>cum</span> 
     </span>
    </p>

    <p class='ocr_par' dir='ltr' id='par_1_8' title="bbox 227 1841 1301 2134">
     <span class='ocr_line' id='line_1_16' title="bbox 227 1841 1300 1927; baseline -0.006 -15"><span class='ocrx_word' id='word_1_114' title='bbox 227 1853 249 1912; x_wconf 81' lang='lat' dir='ltr'>&#39;c</span> <span class='ocrx_word' id='word_1_115' title='bbox 266 1844 371 1927; x_wconf 91' lang='lat' dir='ltr'>aliquo</span> <span class='ocrx_word' id='word_1_116' title='bbox 393 1845 527 1910; x_wconf 92' lang='lat' dir='ltr'>militum</span> <span class='ocrx_word' id='word_1_117' title='bbox 550 1844 737 1910; x_wconf 90' lang='lat' dir='ltr'>detrimento</span> <span class='ocrx_word' id='word_1_118' title='bbox 759 1849 934 1910; x_wconf 91' lang='lat' dir='ltr'>noceretur.</span> <span class='ocrx_word' id='word_1_119' title='bbox 980 1841 1109 1908; x_wconf 92' lang='lat' dir='ltr'>dimittit</span> <span class='ocrx_word' id='word_1_120' title='bbox 1137 1841 1180 1907; x_wconf 89' lang='lat' dir='ltr'>ad</span> <span class='ocrx_word' id='word_1_121' title='bbox 1208 1841 1300 1907; x_wconf 86' lang='lat' dir='ltr'>finiti-</span> 
     </span>
     <span class='ocr_line' id='line_1_17' title="bbox 265 1944 1301 2030; baseline -0.002 -18"><span class='ocrx_word' id='word_1_122' title='bbox 265 1967 334 2012; x_wconf 88' lang='lat' dir='ltr'>mas</span> <span class='ocrx_word' id='word_1_123' title='bbox 357 1947 501 2013; x_wconf 82' lang='lat' dir='ltr'>ciuitates</span> <span class='ocrx_word' id='word_1_124' title='bbox 522 1948 650 2015; x_wconf 91' lang='lat' dir='ltr'>nuntios</span> <span class='ocrx_word' id='word_1_125' title='bbox 673 1948 799 2028; x_wconf 84' lang='lat' dir='ltr'>(laeser,</span> <span class='ocrx_word' id='word_1_126' title='bbox 822 1965 932 2012; x_wconf 91' lang='lat' dir='ltr'>omncs</span> <span class='ocrx_word' id='word_1_127' title='bbox 954 1951 1066 2012; x_wconf 85' lang='lat' dir='ltr'>evocat</span> <span class='ocrx_word' id='word_1_128' title='bbox 1083 1965 1140 2030; x_wconf 92' lang='lat' dir='ltr'>spe</span> <span class='ocrx_word' id='word_1_129' title='bbox 1162 1944 1301 2030; x_wconf 86' lang='lat' dir='ltr'>praedae</span> 
     </span>
     <span class='ocr_line' id='line_1_18' title="bbox 265 2047 1299 2134; baseline -0.003 -19"><span class='ocrx_word' id='word_1_130' title='bbox 265 2049 308 2116; x_wconf 88' lang='lat' dir='ltr'>ad</span> <span class='ocrx_word' id='word_1_131' title='bbox 337 2049 530 2134; x_wconf 87' lang='lat' dir='ltr'>diripiendos</span> <span class='ocrx_word' id='word_1_132' title='bbox 559 2051 732 2133; x_wconf 84' lang='lat' dir='ltr'>Eburones,</span> <span class='ocrx_word' id='word_1_133' title='bbox 762 2055 798 2114; x_wconf 93' lang='lat' dir='ltr'>ut</span> <span class='ocrx_word' id='word_1_134' title='bbox 825 2048 930 2132; x_wconf 92' lang='lat' dir='ltr'>potius</span> <span class='ocrx_word' id='word_1_135' title='bbox 958 2047 993 2112; x_wconf 93' lang='lat' dir='ltr'>in</span> <span class='ocrx_word' id='word_1_136' title='bbox 1022 2047 1111 2114; x_wconf 86' lang='lat' dir='ltr'>silvis</span> <span class='ocrx_word' id='word_1_137' title='bbox 1140 2048 1299 2114; x_wconf 80' lang='lat' dir='ltr'>Gallorum</span> 
     </span>
    </p>

    <p class='ocr_par' dir='ltr' id='par_1_9' title="bbox 199 2150 1300 2338">
     <span class='ocr_line' id='line_1_19' title="bbox 199 2150 1300 2236; baseline -0.005 -18"><span class='ocrx_word' id='word_1_138' title='bbox 199 2203 201 2206; x_wconf 86' lang='grc'>-</span> <span class='ocrx_word' id='word_1_139' title='bbox 266 2153 333 2218; x_wconf 88' lang='lat' dir='ltr'>vita</span> <span class='ocrx_word' id='word_1_140' title='bbox 355 2173 449 2234; x_wconf 91' lang='lat' dir='ltr'>quam</span> <span class='ocrx_word' id='word_1_141' title='bbox 470 2150 661 2236; x_wconf 67' lang='lat' dir='ltr'>legionarius</span> <span class='ocrx_word' id='word_1_142' title='bbox 682 2152 773 2217; x_wconf 87' lang='lat' dir='ltr'>miles</span> <span class='ocrx_word' id='word_1_143' title='bbox 794 2150 997 2236; x_wconf 81' lang='lat' dir='ltr'>periclitetur,</span> <span class='ocrx_word' id='word_1_144' title='bbox 1020 2150 1112 2216; x_wconf 90' lang='lat' dir='ltr'>simul</span> <span class='ocrx_word' id='word_1_145' title='bbox 1133 2156 1169 2214; x_wconf 92' lang='lat' dir='ltr'>ut</span> <span class='ocrx_word' id='word_1_146' title='bbox 1182 2170 1300 2234; x_wconf 78' lang='lat' dir='ltr'>magna</span> 
     </span>
     <span class='ocr_line' id='line_1_20' title="bbox 266 2252 1299 2338; baseline -0.001 -19"><span class='ocrx_word' id='word_1_147' title='bbox 266 2253 465 2321; x_wconf 90' lang='lat' dir='ltr'>multitudine</span> <span class='ocrx_word' id='word_1_148' title='bbox 495 2254 684 2320; x_wconf 84' lang='lat' dir='ltr'>circumfusa</span> <span class='ocrx_word' id='word_1_149' title='bbox 711 2274 769 2338; x_wconf 92' lang='lat' dir='ltr'>pro</span> <span class='ocrx_word' id='word_1_150' title='bbox 798 2253 854 2318; x_wconf 86' lang='lat' dir='ltr'>tali</span> <span class='ocrx_word' id='word_1_151' title='bbox 883 2252 1024 2318; x_wconf 91' lang='lat' dir='ltr'>facinore</span> <span class='ocrx_word' id='word_1_152' title='bbox 1053 2252 1147 2337; x_wconf 81' lang='lat' dir='ltr'>stirps</span> <span class='ocrx_word' id='word_1_153' title='bbox 1177 2272 1215 2318; x_wconf 93' lang='lat' dir='ltr'>ac</span> <span class='ocrx_word' id='word_1_154' title='bbox 1247 2273 1299 2318; x_wconf 81' lang='lat' dir='ltr'>no</span> 
     </span>
    </p>

    <p class='ocr_par' dir='ltr' id='par_1_10' title="bbox 232 2354 1301 2526">
     <span class='ocr_line' id='line_1_21' title="bbox 232 2354 1301 2440; baseline -0.006 -15"><span class='ocrx_word' id='word_1_155' title='bbox 232 2377 248 2425; x_wconf 84' lang='lat' dir='ltr'>e</span> <span class='ocrx_word' id='word_1_156' title='bbox 266 2377 339 2422; x_wconf 91' lang='lat' dir='ltr'>men</span> <span class='ocrx_word' id='word_1_157' title='bbox 355 2356 491 2422; x_wconf 88' lang='lat' dir='ltr'>civitatis</span> <span class='ocrx_word' id='word_1_158' title='bbox 506 2357 640 2422; x_wconf 87' lang='lat' dir='ltr'>tollatur.</span> <span class='ocrx_word' id='word_1_159' title='bbox 674 2375 810 2440; x_wconf 83' lang='lat' dir='ltr'>magnus</span> <span class='ocrx_word' id='word_1_160' title='bbox 831 2354 972 2439; x_wconf 90' lang='lat' dir='ltr'>undiquc</span> <span class='ocrx_word' id='word_1_161' title='bbox 993 2375 1143 2421; x_wconf 89' lang='lat' dir='ltr'>numerus</span> <span class='ocrx_word' id='word_1_162' title='bbox 1158 2355 1301 2421; x_wconf 89' lang='lat' dir='ltr'>celeriter</span> 
     </span>
     <span class='ocr_line' id='line_1_22' title="bbox 267 2459 422 2526; baseline 0.013 -2"><span class='ocrx_word' id='word_1_163' title='bbox 267 2459 422 2526; x_wconf 91' lang='lat' dir='ltr'>convenit.</span> 
     </span>
    </p>

    <p class='ocr_par' dir='ltr' id='par_1_11' title="bbox 234 2559 1299 2853">
     <span class='ocr_line' id='line_1_23' title="bbox 234 2559 1299 2645; baseline -0.004 -15"><span class='ocrx_word' id='word_1_164' title='bbox 234 2585 246 2630; x_wconf 87' lang='grc' dir='ltr'>ι</span> <span class='ocrx_word' id='word_1_165' title='bbox 368 2563 503 2630; x_wconf 86' lang='lat' dir='ltr'>XXXV.</span> <span class='ocrx_word' id='word_1_166' title='bbox 544 2563 688 2629; x_wconf 92' lang='lat' dir='ltr'>Haecin</span> <span class='ocrx_word' id='word_1_167' title='bbox 711 2561 857 2629; x_wconf 92' lang='lat' dir='ltr'>omnibus</span> <span class='ocrx_word' id='word_1_168' title='bbox 878 2561 1061 2627; x_wconf 85' lang='lat' dir='ltr'>Eburonum</span> <span class='ocrx_word' id='word_1_169' title='bbox 1083 2559 1225 2645; x_wconf 86' lang='lat' dir='ltr'>partibus</span> <span class='ocrx_word' id='word_1_170' title='bbox 1247 2581 1299 2644; x_wconf 81' lang='lat' dir='ltr'>ge·</span> 
     </span>
     <span class='ocr_line' id='line_1_24' title="bbox 266 2662 1299 2750; baseline -0.002 -18"><span class='ocrx_word' id='word_1_171' title='bbox 266 2667 430 2749; x_wconf 88' lang='lat' dir='ltr'>rebantur,</span> <span class='ocrx_word' id='word_1_172' title='bbox 462 2665 592 2750; x_wconf 90' lang='lat' dir='ltr'>diesque</span> <span class='ocrx_word' id='word_1_173' title='bbox 622 2666 794 2750; x_wconf 87' lang='lat' dir='ltr'>appetebat</span> <span class='ocrx_word' id='word_1_174' title='bbox 823 2664 990 2749; x_wconf 89' lang='lat' dir='ltr'>septimus,</span> <span class='ocrx_word' id='word_1_175' title='bbox 1021 2683 1115 2747; x_wconf 89' lang='lat' dir='ltr'>quem</span> <span class='ocrx_word' id='word_1_176' title='bbox 1140 2662 1183 2728; x_wconf 89' lang='lat' dir='ltr'>ad</span> <span class='ocrx_word' id='word_1_177' title='bbox 1215 2663 1299 2730; x_wconf 89' lang='lat' dir='ltr'>diem</span> 
     </span>
     <span class='ocr_line' id='line_1_25' title="bbox 267 2766 1298 2853; baseline -0.002 -19"><span class='ocrx_word' id='word_1_178' title='bbox 267 2770 383 2836; x_wconf 79' lang='lat' dir='ltr'>Caesar</span> <span class='ocrx_word' id='word_1_179' title='bbox 401 2769 445 2834; x_wconf 89' lang='lat' dir='ltr'>ad</span> <span class='ocrx_word' id='word_1_180' title='bbox 458 2769 684 2853; x_wconf 88' lang='lat' dir='ltr'>impedimenta</span> <span class='ocrx_word' id='word_1_181' title='bbox 709 2769 928 2851; x_wconf 80' lang='lat' dir='ltr'>legionemque</span> <span class='ocrx_word' id='word_1_182' title='bbox 948 2766 1065 2832; x_wconf 89' lang='lat' dir='ltr'>reverti</span> <span class='ocrx_word' id='word_1_183' title='bbox 1087 2767 1298 2832; x_wconf 88' lang='lat' dir='ltr'>constituerat.</span> 
     </span>
    </p>

    <p class='ocr_par' dir='ltr' id='par_1_12' title="bbox 227 2869 1301 2954">
     <span class='ocr_line' id='line_1_26' title="bbox 227 2869 1301 2954; baseline -0.004 -16"><span class='ocrx_word' id='word_1_184' title='bbox 227 2871 247 2938; x_wconf 63' lang='lat' dir='ltr'>&#39;a</span> <span class='ocrx_word' id='word_1_185' title='bbox 266 2871 328 2952; x_wconf 89' lang='lat' dir='ltr'>hic,</span> <span class='ocrx_word' id='word_1_186' title='bbox 359 2878 511 2954; x_wconf 89' lang='lat' dir='ltr'>quantum</span> <span class='ocrx_word' id='word_1_187' title='bbox 539 2871 573 2936; x_wconf 95' lang='lat' dir='ltr'>in</span> <span class='ocrx_word' id='word_1_188' title='bbox 603 2872 686 2938; x_wconf 88' lang='lat' dir='ltr'>bello</span> <span class='ocrx_word' id='word_1_189' title='bbox 708 2871 835 2936; x_wconf 82' lang='lat' dir='ltr'>fortuna</span> <span class='ocrx_word' id='word_1_190' title='bbox 856 2869 955 2954; x_wconf 91' lang='lat' dir='ltr'>possit</span> <span class='ocrx_word' id='word_1_191' title='bbox 977 2875 1010 2936; x_wconf 89' lang='lat' dir='ltr'>et</span> <span class='ocrx_word' id='word_1_192' title='bbox 1031 2875 1166 2952; x_wconf 89' lang='lat' dir='ltr'>quantos</span> <span class='ocrx_word' id='word_1_193' title='bbox 1187 2870 1301 2934; x_wconf 81' lang='lat' dir='ltr'>afferat</span> 
     </span>
    </p>

    <p class='ocr_par' dir='ltr' id='par_1_13' title="bbox 231 2971 1300 3160">
     <span class='ocr_line' id='line_1_27' title="bbox 231 2971 1300 3058; baseline -0.005 -17"><span class='ocrx_word' id='word_1_194' title='bbox 231 2993 367 3055; x_wconf 81' lang='lat' dir='ltr'>coesus,</span> <span class='ocrx_word' id='word_1_195' title='bbox 392 2973 538 3058; x_wconf 82' lang='lat' dir='ltr'>cognosci</span> <span class='ocrx_word' id='word_1_196' title='bbox 560 2973 670 3057; x_wconf 91' lang='lat' dir='ltr'>potuit.</span> <span class='ocrx_word' id='word_1_197' title='bbox 705 2972 866 3057; x_wconf 90' lang='lat' dir='ltr'>dissipatis</span> <span class='ocrx_word' id='word_1_198' title='bbox 891 2993 930 3037; x_wconf 90' lang='lat' dir='ltr'>ac</span> <span class='ocrx_word' id='word_1_199' title='bbox 951 2971 1125 3058; x_wconf 84' lang='lat' dir='ltr'>perterritis</span> <span class='ocrx_word' id='word_1_200' title='bbox 1147 2971 1300 3054; x_wconf 87' lang='lat' dir='ltr'>hostibus,</span> 
     </span>
     <span class='ocr_line' id='line_1_28' title="bbox 265 3073 1299 3160; baseline -0.002 -20"><span class='ocrx_word' id='word_1_201' title='bbox 265 3081 300 3140; x_wconf 93' lang='lat' dir='ltr'>ut</span> <span class='ocrx_word' id='word_1_202' title='bbox 322 3075 615 3156; x_wconf 85' lang='lat' dir='ltr'>demonstravimus,</span> <span class='ocrx_word' id='word_1_203' title='bbox 637 3095 751 3141; x_wconf 90' lang='lat' dir='ltr'>manus</span> <span class='ocrx_word' id='word_1_204' title='bbox 766 3081 833 3141; x_wconf 93' lang='lat' dir='ltr'>erat</span> <span class='ocrx_word' id='word_1_205' title='bbox 846 3076 942 3159; x_wconf 89' lang='lat' dir='ltr'>nulla,</span> <span class='ocrx_word' id='word_1_206' title='bbox 966 3095 1046 3158; x_wconf 93' lang='lat' dir='ltr'>quae</span> <span class='ocrx_word' id='word_1_207' title='bbox 1060 3095 1193 3160; x_wconf 86' lang='lat' dir='ltr'>parvam</span> <span class='ocrx_word' id='word_1_208' title='bbox 1207 3073 1299 3139; x_wconf 91' lang='lat' dir='ltr'>modo</span> 
     </span>
    </p>

    <p class='ocr_par' dir='ltr' id='par_1_14' title="bbox 231 3177 1301 3569">
     <span class='ocr_line' id='line_1_29' title="bbox 231 3177 1299 3262; baseline -0.004 -17"><span class='ocrx_word' id='word_1_209' title='bbox 231 3197 393 3262; x_wconf 70' lang='lat' dir='ltr'>recusam</span> <span class='ocrx_word' id='word_1_210' title='bbox 423 3177 544 3244; x_wconf 88' lang='lat' dir='ltr'>timoris</span> <span class='ocrx_word' id='word_1_211' title='bbox 576 3178 712 3243; x_wconf 87' lang='lat' dir='ltr'>afferret.</span> <span class='ocrx_word' id='word_1_212' title='bbox 758 3183 846 3244; x_wconf 90' lang='lat' dir='ltr'>trans</span> <span class='ocrx_word' id='word_1_213' title='bbox 874 3177 1020 3243; x_wconf 86' lang='lat' dir='ltr'>Rhenum</span> <span class='ocrx_word' id='word_1_214' title='bbox 1053 3177 1095 3244; x_wconf 88' lang='lat' dir='ltr'>ad</span> <span class='ocrx_word' id='word_1_215' title='bbox 1125 3177 1299 3244; x_wconf 82' lang='lat' dir='ltr'>Germanos</span> 
     </span>
     <span class='ocr_line' id='line_1_30' title="bbox 265 3279 1300 3364; baseline -0.002 -19"><span class='ocrx_word' id='word_1_216' title='bbox 265 3279 410 3363; x_wconf 86' lang='lat' dir='ltr'>pervenit</span> <span class='ocrx_word' id='word_1_217' title='bbox 443 3279 537 3357; x_wconf 86' lang='lat' dir='ltr'>fama,</span> <span class='ocrx_word' id='word_1_218' title='bbox 569 3279 662 3364; x_wconf 92' lang='lat' dir='ltr'>diripi</span> <span class='ocrx_word' id='word_1_219' title='bbox 692 3280 855 3346; x_wconf 84' lang='lat' dir='ltr'>Eburones</span> <span class='ocrx_word' id='word_1_220' title='bbox 884 3287 980 3362; x_wconf 91' lang='lat' dir='ltr'>atque</span> <span class='ocrx_word' id='word_1_221' title='bbox 1008 3281 1089 3345; x_wconf 92' lang='lat' dir='ltr'>ultro</span> <span class='ocrx_word' id='word_1_222' title='bbox 1118 3300 1227 3345; x_wconf 92' lang='lat' dir='ltr'>omnes</span> <span class='ocrx_word' id='word_1_223' title='bbox 1256 3279 1300 3343; x_wconf 93' lang='lat' dir='ltr'>ad</span> 
     </span>
     <span class='ocr_line' id='line_1_31' title="bbox 231 3381 1298 3467; baseline -0.004 -17"><span class='ocrx_word' id='word_1_224' title='bbox 231 3381 417 3467; x_wconf 82' lang='lat' dir='ltr'>upraedam</span> <span class='ocrx_word' id='word_1_225' title='bbox 439 3383 572 3448; x_wconf 83' lang='lat' dir='ltr'>evocari.</span> <span class='ocrx_word' id='word_1_226' title='bbox 619 3389 735 3466; x_wconf 86' lang='lat' dir='ltr'>cogunt</span> <span class='ocrx_word' id='word_1_227' title='bbox 758 3383 899 3465; x_wconf 91' lang='lat' dir='ltr'>equiturn</span> <span class='ocrx_word' id='word_1_228' title='bbox 920 3381 983 3448; x_wconf 92' lang='lat' dir='ltr'>duo</span> <span class='ocrx_word' id='word_1_229' title='bbox 1011 3382 1098 3447; x_wconf 90' lang='lat' dir='ltr'>milia</span> <span class='ocrx_word' id='word_1_230' title='bbox 1120 3383 1298 3464; x_wconf 84' lang='lat' dir='ltr'>Sugambri,</span> 
     </span>
     <span class='ocr_line' id='line_1_32' title="bbox 267 3484 1301 3569; baseline -0.003 -19"><span class='ocrx_word' id='word_1_231' title='bbox 267 3485 321 3568; x_wconf 93' lang='lat' dir='ltr'>qui</span> <span class='ocrx_word' id='word_1_232' title='bbox 354 3491 428 3551; x_wconf 92' lang='lat' dir='ltr'>sunt</span> <span class='ocrx_word' id='word_1_233' title='bbox 459 3485 595 3569; x_wconf 85' lang='lat' dir='ltr'>proximi</span> <span class='ocrx_word' id='word_1_234' title='bbox 627 3485 748 3566; x_wconf 88' lang='lat' dir='ltr'>Rheno,</span> <span class='ocrx_word' id='word_1_235' title='bbox 782 3505 802 3549; x_wconf 92' lang='lat' dir='ltr'>a</span> <span class='ocrx_word' id='word_1_236' title='bbox 832 3485 946 3567; x_wconf 90' lang='lat' dir='ltr'>quibus</span> <span class='ocrx_word' id='word_1_237' title='bbox 974 3491 1118 3568; x_wconf 90' lang='lat' dir='ltr'>receptos</span> <span class='ocrx_word' id='word_1_238' title='bbox 1151 3505 1192 3548; x_wconf 86' lang='lat' dir='ltr'>ex</span> <span class='ocrx_word' id='word_1_239' title='bbox 1222 3484 1301 3568; x_wconf 82' lang='lat' dir='ltr'>fuga</span> 
     </span>
    </p>

    <p class='ocr_par' dir='ltr' id='par_1_15' title="bbox 231 3586 1298 3673">
     <span class='ocr_line' id='line_1_33' title="bbox 231 3586 1298 3673; baseline -0.005 -18"><span class='ocrx_word' id='word_1_240' title='bbox 231 3609 248 3656; x_wconf 88' lang='lat' dir='ltr'>c</span> <span class='ocrx_word' id='word_1_241' title='bbox 266 3589 437 3653; x_wconf 87' lang='lat' dir='ltr'>Tencteros</span> <span class='ocrx_word' id='word_1_242' title='bbox 455 3595 550 3670; x_wconf 93' lang='lat' dir='ltr'>atque</span> <span class='ocrx_word' id='word_1_243' title='bbox 564 3588 713 3673; x_wconf 88' lang='lat' dir='ltr'>Usipetes</span> <span class='ocrx_word' id='word_1_244' title='bbox 727 3608 823 3672; x_wconf 87' lang='lat' dir='ltr'>supra</span> <span class='ocrx_word' id='word_1_245' title='bbox 837 3587 1009 3653; x_wconf 91' lang='lat' dir='ltr'>docuimus.</span> <span class='ocrx_word' id='word_1_246' title='bbox 1033 3593 1197 3652; x_wconf 92' lang='lat' dir='ltr'>transeunt</span> <span class='ocrx_word' id='word_1_247' title='bbox 1218 3586 1298 3651; x_wconf 84' lang='lat' dir='ltr'>Rhe·</span> 
     </span>
    </p>

    <p class='ocr_par' dir='ltr' id='par_1_16' title="bbox 266 3689 1337 3776">
     <span class='ocr_line' id='line_1_34' title="bbox 266 3689 1337 3776; baseline -0.002 -20"><span class='ocrx_word' id='word_1_248' title='bbox 266 3709 341 3756; x_wconf 91' lang='lat' dir='ltr'>num</span> <span class='ocrx_word' id='word_1_249' title='bbox 363 3691 498 3773; x_wconf 78' lang='lat' dir='ltr'>napibus</span> <span class='ocrx_word' id='word_1_250' title='bbox 520 3691 703 3774; x_wconf 88' lang='lat' dir='ltr'>ratibusque</span> <span class='ocrx_word' id='word_1_251' title='bbox 726 3690 856 3776; x_wconf 84' lang='lat' dir='ltr'>triginta</span> <span class='ocrx_word' id='word_1_252' title='bbox 884 3690 1011 3756; x_wconf 93' lang='lat' dir='ltr'>milibus</span> <span class='ocrx_word' id='word_1_253' title='bbox 1036 3709 1186 3776; x_wconf 90' lang='lat' dir='ltr'>passuum</span> <span class='ocrx_word' id='word_1_254' title='bbox 1215 3689 1301 3755; x_wconf 82' lang='lat' dir='ltr'>inira</span> <span class='ocrx_word' id='word_1_255' title='bbox 1335 3732 1337 3736; x_wconf 92' lang='lat'>-</span> 
     </span>
    </p>
   </div>
   <div class='ocr_carea' id='block_1_5' title="bbox 267 3792 1299 3880">
    <p class='ocr_par' dir='ltr' id='par_1_17' title="bbox 267 3792 1299 3880">
     <span class='ocr_line' id='line_1_35' title="bbox 267 3792 1299 3880; baseline -0.001 -23"><span class='ocrx_word' id='word_1_256' title='bbox 267 3811 339 3858; x_wconf 90' lang='lat' dir='ltr'>cum</span> <span class='ocrx_word' id='word_1_257' title='bbox 364 3793 476 3875; x_wconf 91' lang='lat' dir='ltr'>locum,</span> <span class='ocrx_word' id='word_1_258' title='bbox 506 3793 560 3858; x_wconf 93' lang='lat' dir='ltr'>ubi</span> <span class='ocrx_word' id='word_1_259' title='bbox 589 3813 669 3878; x_wconf 94' lang='lat' dir='ltr'>pons</span> <span class='ocrx_word' id='word_1_260' title='bbox 699 3800 766 3858; x_wconf 89' lang='lat' dir='ltr'>erat</span> <span class='ocrx_word' id='word_1_261' title='bbox 792 3794 951 3878; x_wconf 86' lang='lat' dir='ltr'>perfectus</span> <span class='ocrx_word' id='word_1_262' title='bbox 980 3792 1234 3880; x_wconf 89' lang='lat' dir='ltr'>praesidiumque</span> <span class='ocrx_word' id='word_1_263' title='bbox 1255 3793 1299 3857; x_wconf 94' lang='lat' dir='ltr'>ab</span> 
     </span>
    </p>
   </div>
   <div class='ocr_carea' id='block_1_6' title="bbox 0 0 1488 4196">
    <p class='ocr_par' dir='ltr' id='par_1_18' title="bbox 0 0 1488 4196">
     <span class='ocr_line' id='line_1_36' title="bbox 0 0 1488 4196; baseline 0 0"><span class='ocrx_word' id='word_1_264' title='bbox 0 0 1488 4196; x_wconf 95' lang='lat' dir='ltr'> </span> 
     </span>
    </p>
   </div>
  </div>
 </body>
</html>
