2966 4196
301 254 361 316 122
629 268 678 322 nn
696 266 811 322 nunno
830 266 991 322 snunroo
1106 235 1108 240 ’

296 449 431 522 muntur,
464 461 533 506 sese
561 442 594 505 in
625 441 806 506 servitutem
828 439 936 505 dicant
964 438 1131 522 nobilibus,
1159 440 1273 522 quibus
1293 439 1328 504 in

296 544 353 610 hos
383 543 494 609 eadem
523 545 629 610 omnia
658 551 733 610 sunt
760 543 838 625 iura,
869 563 951 625 quae
980 541 1116 608 dominis
1145 542 1179 607 in
1209 563 1326 608 servos.

262 669 277 715 3
296 645 353 712 sed
374 646 415 711 de
436 646 486 712 his
508 647 630 713 duobus
651 647 820 731 generibus
842 647 975 710 alterum
1002 651 1049 710 est
1070 644 1225 726 druidum,
1252 646 1327 710 alte

261 771 365 817 crum
387 751 536 833 equitum.
580 750 625 814 illi
647 751 741 815 rebus
768 749 884 814 divinis
909 749 1074 829 intersunt,
1097 747 1252 814 sacrificia
1272 769 1326 833 pu·
1447 797 1449 802 ·

294 853 378 918 blica
399 873 437 918 ac
459 853 584 938 privata
605 860 782 937 procurant,
805 852 973 936 religiones
994 851 1253 936 interpretantur:
1282 850 1326 916 ad

295 977 349 1022 eos
381 977 516 1040 magnus
548 956 796 1022 adulescentium
829 975 977 1020 numerus
1010 953 1196 1039 disciplinae
1229 975 1326 1020 causa

260 1081 276 1128 s
294 1060 458 1140 concurrit,
482 1079 659 1144 magnoque
681 1059 715 1122 hi
737 1065 810 1123 sunt
831 1057 917 1142 apud
940 1078 993 1123 eos
1007 1057 1134 1122 honore.
1169 1078 1243 1122 nam
1257 1057 1325 1123 fere

293 1163 334 1227 de
356 1163 501 1228 omnibus
517 1162 735 1226 controversiis
756 1161 890 1244 publicis
912 1161 1105 1245 privatisque
1121 1162 1323 1243 constituunt,

294 1265 374 1330 etsi
397 1264 480 1346 quod
503 1271 550 1329 est
571 1263 743 1328 admissum
764 1263 897 1347 facinus,
924 1264 951 1329 si
974 1263 1087 1328 caedes
1109 1263 1203 1344 sacta,
1234 1264 1261 1328 si
1283 1263 1324 1330 de

293 1367 478 1449 hereditate,
500 1367 541 1432 de
562 1367 678 1432 finibus
701 1367 912 1432 controversia
934 1373 991 1448 est,
1021 1365 1118 1431 iidem
1140 1366 1322 1448 decernunt,

260 1491 275 1538 6
293 1471 433 1554 praemia
454 1489 635 1554 poenasque
657 1470 862 1554 constituunt;
893 1470 919 1534 si
950 1469 1002 1552 qui
1028 1478 1084 1534 aut
1105 1469 1246 1554 privatus
1267 1478 1323 1535 aut

292 1575 426 1658 populus
449 1594 556 1640 eorum
578 1573 703 1639 decreto
725 1593 789 1638 non
812 1575 907 1654 steti,
938 1573 1099 1638 sacrificiis
1120 1573 1319 1639 interdicunt.

84 1705 87 1712 ·
160 1693 164 1704 '
260 1676 372 1746 thaec
404 1698 508 1762 poena
540 1677 626 1762 apud
656 1697 709 1742 eos
739 1684 786 1742 θεῖ
815 1676 1010 1760 gravissima.
1057 1676 1170 1758 quibus
1200 1677 1244 1740 ita
1274 1685 1320 1742 θεῖ

291 1779 500 1861 interdictum,
524 1780 557 1844 hi
579 1801 708 1846 numero
723 1780 888 1864 impiorum
910 1800 948 1844 ac
964 1780 1183 1844 sceleratorum
1205 1779 1321 1845 haben·

293 1889 351 1966 tur,
374 1883 423 1949 his
438 1904 546 1948 omnes
569 1883 735 1964 decedunt,
751 1882 872 1946 aditum
892 1902 1129 1964 sermonemque
1144 1881 1320 1968 defugiunt,

291 2007 332 2050 ne
362 1986 438 2068 quid
467 2007 508 2051 ex
531 1986 716 2069 contagione
730 2002 733 2008 ·
746 1984 934 2050 incommodi
956 1983 1122 2068 accipiant,
1145 2005 1249 2067 neque
1270 1986 1321 2051 his

291 2084 470 2172 petentibus
491 2090 540 2154 ius
562 2088 702 2154 redditur
723 2109 826 2171 neque
847 2088 947 2153 honos
969 2088 1049 2152 ullus
1064 2089 1318 2155 communicatur.

257 2192 340 2258 shis
362 2199 468 2256 autem
482 2193 626 2257 omnibus
645 2191 808 2257 druidibus
829 2197 954 2275 praeest
976 2210 1066 2271 unus,
1090 2191 1143 2272 qui
1165 2211 1319 2258 summam

258 2294 373 2364 cinter
403 2314 456 2359 eos
484 2294 581 2360 habet
609 2295 836 2359 auctoritatem,
881 2293 942 2359 hoc
970 2302 1091 2358 mortuo
1120 2300 1185 2376 aut,
1215 2295 1243 2360 si
1265 2297 1318 2378 qui

291 2416 332 2461 ex
354 2397 482 2478 reliquis
504 2397 629 2462 excellit
643 2383 815 2480 dignitate,
839 2395 988 2477 succedit,
1015 2403 1079 2479 aut,
1110 2396 1137 2461 si
1160 2405 1233 2462 suut
1254 2399 1318 2482 plu·

290 2519 341 2565 res
362 2519 463 2584 pares
487 2501 635 2584 suffragio
657 2499 813 2582 druidum,
840 2519 1074 2581 nonnumquam
1106 2499 1202 2564 etiam
1223 2502 1319 2568 armis

242 2623 272 2671 to
290 2601 330 2668 de
363 2591 539 2688 principatui
573 2603 775 2669 contendunt.
820 2603 854 2667 hi
887 2609 970 2668 certo
1002 2602 1079 2666 armi
1111 2609 1252 2686 tempore
1284 2605 1318 2670 in

289 2707 404 2772 finibus
428 2708 608 2789 Carnutum,
632 2727 713 2790 quae
735 2707 821 2790 regio
844 2706 939 2772 totius
954 2705 1075 2770 Galliae
1097 2705 1203 2770 media
1225 2707 1317 2772 habe

288 2818 348 2891 tur,
372 2810 537 2876 considunt
557 2811 591 2874 in
613 2811 681 2876 loco
704 2816 894 2875 consecrato.
939 2807 1001 2873 huc
1030 2828 1139 2874 omnes
1168 2808 1317 2892 undique,

289 2914 343 2995 qui
365 2913 593 2978 controversias
615 2912 743 2994 habent,
775 2911 965 2978 conveniunt
992 2931 1161 2994 eorumque
1182 2910 1317 2978 decretis

240 3036 268 3083 11
288 3016 473 3098 iudiciisque
495 3025 617 3100 parent.
652 3016 818 3100 disciplina
839 3016 873 3079 in
888 3015 1053 3080 Britannia
1075 3022 1200 3099 reperta
1221 3006 1317 3098 atque

287 3118 362 3183 inde
383 3120 417 3182 in
440 3119 573 3184 Galliam
596 3120 748 3184 translata
770 3139 839 3184 esse
862 3118 1067 3199 existimatur,
1091 3123 1122 3182 et
1143 3139 1239 3201 nunc,
1261 3119 1316 3201 qui

288 3220 468 3303 diligentius
499 3241 568 3286 eam
597 3242 663 3287 rem
693 3241 881 3304 cognoscere
910 3221 1028 3303 volunt,
1058 3221 1242 3305 plerumque
1263 3223 1316 3288 illo

210 3369 212 3373 -
288 3323 429 3388 discendi
452 3344 546 3388 causa
567 3324 812 3408 proficiscuntur.

256 3447 268 3495 1
389 3427 475 3492 XlV.
519 3427 656 3492 Dmides
684 3448 705 3490 a
734 3427 816 3493 bello
845 3427 957 3492 abesse
990 3436 1180 3494 consuerunt
1213 3413 1316 3512 neque

286 3530 403 3596 tributa
432 3550 495 3594 una
525 3550 595 3594 cum
624 3530 751 3612 reliquis
779 3529 936 3613 pendunt:
966 3529 1097 3595 militiae
1118 3533 1316 3596 vacationem

253 3654 268 3700 a
287 3633 487 3714 omniumque
509 3651 611 3696 rerum
634 3633 753 3697 habent
774 3633 1012 3698 immunitatem.
1054 3619 1154 3698 'tantis
1184 3635 1315 3698 excitati

285 3735 433 3818 praemiis
456 3742 487 3798 et
510 3755 566 3800 sua
588 3742 699 3818 sponte
728 3735 817 3798 multi
846 3735 880 3799 in
903 3735 1101 3818 disciplinam
1124 3738 1314 3802 conveniunt
1364 3779 1368 3785 -
1477 3773 1478 3794 r

252 3844 318 3903 aet
339 3857 360 3899 a
388 3837 570 3919 parentibus
596 3837 842 3921 propinquisque
872 3838 1044 3902 mittuntur.
1090 3858 1240 3922 magnum
1270 3839 1312 3903 ibi
