2966 4196
262 232 323 297 102
594 245 643 300 DE
661 244 776 300 BELDO
796 233 957 300 Gannico

259 424 346 502 bant,
371 426 402 486 et
418 419 562 503 quotiens
578 437 722 502 quaeque
737 417 846 483 cohors
866 423 1071 503 procurreret,
1094 419 1135 483 ab
1151 437 1189 483 ea
1203 424 1294 502 parte

226 543 395 609 emagnus
416 541 566 588 numerus
588 521 725 587 hostium
748 520 891 586 cadebat.
931 540 993 603 qua
1016 541 1050 586 re
1072 520 1294 586 animadversa

259 627 423 694 Ambiorix
445 625 639 711 pronuntiari
660 625 757 708 iubet,
780 631 817 688 ut
837 625 944 709 procul
966 625 1030 689 tela
1052 623 1209 690 coniciant
1230 645 1293 690 neu

259 731 387 816 propius
415 729 569 796 accedant
598 735 639 812 et,
667 750 762 813 quam
783 729 818 793 in
840 735 963 813 partem
985 728 1119 793 Romani
1140 728 1292 812 impeturn

225 834 401 914 eiecerint,
424 832 552 898 cedant:
575 833 705 898 levitate
726 851 884 897 armorum
907 837 939 896 et
961 829 1120 896 cotidiana
1142 831 1292 896 exercita-

259 937 344 1002 tione
365 935 445 1002 nihil
466 937 506 1003 iis
527 936 633 1002 noceri
655 956 762 1022 posse3
785 954 892 1000 rursus
911 954 946 1000 se
965 934 1008 998 ad
1030 934 1122 1018 signa
1142 933 1292 1018 recipien-

259 1047 307 1106 tes
328 1040 542 1123 insequantur.
752 1115 755 1120 ¹

229 1169 240 1212 1
361 1144 495 1209 XXXV.
541 1141 610 1219 Quo
639 1148 808 1227 praecepto
837 1143 878 1206 ab
908 1141 948 1206 iis
978 1139 1218 1225 diligentissime
1240 1142 1292 1206 ob

260 1253 383 1312 servato
406 1266 478 1310 cum
499 1245 668 1330 quaepiam
690 1244 799 1311 cohors
822 1264 863 1310 ex
885 1246 962 1310 orbe
989 1250 1168 1310 excesserat
1196 1250 1293 1327 atque

225 1352 410 1434 nimpetum
432 1348 559 1430 fecerat,
582 1348 689 1414 hostes
708 1349 904 1416 velocissime
926 1347 1135 1432 refugiebant.
1165 1347 1291 1412 interim

260 1473 330 1518 eam
359 1459 481 1537 partem
506 1452 620 1517 nudari
649 1471 781 1517 necesse
814 1457 881 1516 erat
914 1458 945 1516 et
978 1453 1019 1518 ab
1053 1452 1151 1516 latere
1181 1457 1292 1536 aperto

225 1577 240 1625 a
259 1557 322 1622 tela
335 1556 442 1642 recipi.
473 1575 588 1637 rursus,
604 1575 675 1620 cum
689 1555 723 1620 in
739 1575 811 1620 eum
825 1555 937 1636 locum,
956 1554 1042 1619 unde
1058 1561 1147 1619 erant
1162 1555 1290 1638 egressi,

258 1659 373 1726 reverti
396 1665 572 1744 coeperant,
596 1665 627 1724 et
649 1661 690 1725 ab
705 1659 754 1744 iis,
779 1659 832 1741 qui
855 1665 1024 1739 cesserant,
1048 1665 1079 1722 et
1097 1659 1138 1724 ab
1164 1657 1213 1740 iis,
1237 1657 1290 1740 qui

223 1762 393 1849 aproximi
414 1769 575 1844 steterant,
605 1763 945 1847 circumveniebantur;
975 1762 1024 1826 sin
1053 1766 1159 1826 autem
1188 1760 1290 1826 locum

257 1875 365 1932 tenere
386 1866 513 1946 vellent,
536 1885 595 1931 nec
616 1865 725 1930 virtuti
746 1866 833 1931 locus
855 1865 1099 1946 relinquebatur,
1123 1883 1226 1946 neque
1247 1866 1289 1930 ab

257 1976 346 2035 tanta
371 1968 571 2034 multitudine
598 1969 741 2034 coniecta
766 1968 830 2034 tela
857 1966 989 2032 conferti
1011 1967 1112 2032 vitare
1133 1973 1286 2052 poterant.

223 2081 363 2141 stamen
392 2079 438 2138 tot
465 2071 671 2137 incommodis
700 2071 878 2154 conflictati,
909 2070 1014 2135 multis
1037 2070 1218 2137 vulneribus
1240 2091 1289 2136 ac

257 2177 356 2260 ceptis
385 2175 573 2241 resistebant
602 2181 634 2239 et
655 2195 773 2258 magua
800 2181 891 2258 parte
912 2172 976 2238 diei
999 2181 1193 2258 consumpta,
1217 2194 1287 2239 cum

255 2301 276 2344 a
297 2279 399 2362 prima
419 2277 489 2343 luce
510 2276 552 2341 ad
574 2276 683 2342 horam
702 2283 846 2342 octavam
868 2283 1069 2362 pugnaretur,
1092 2277 1180 2362 nihil,
1205 2277 1288 2360 quod

222 2405 238 2450 o
255 2382 333 2466 ipsis
355 2386 439 2446 esset
459 2379 635 2465 indignum,
659 2380 905 2446 committebant.
936 2386 1004 2445 turn
1017 2381 1090 2446 'lito
1111 2381 1287 2464 Balventio,

256 2486 309 2569 qui
332 2484 490 2568 superiore
511 2503 595 2549 auno
617 2483 752 2569 primum
775 2483 874 2569 pilum
896 2483 1040 2565 duxerat,
1071 2484 1138 2549 viro
1161 2483 1233 2550 forti
1255 2491 1287 2550 et

238 2609 390 2674 ¹magnae
422 2587 625 2669 auctoritatis,
658 2594 825 2670 utrumque
853 2586 956 2653 femur
981 2588 1105 2671 tragula
1130 2587 1286 2672 traicitur;

221 2714 235 2760 r
255 2691 391 2769 Quintus
413 2691 581 2772 Lucanius,
612 2689 752 2756 eiusdem
774 2689 902 2772 ordinis,
933 2689 1102 2755 fortissime
1128 2711 1283 2774 pugnans,

220 2817 235 2864 s
254 2795 329 2862 dum
344 2795 557 2861 circumvento
578 2794 642 2859 filio
662 2794 818 2874 subvenit,
840 2793 1039 2878 interficitur;
1062 2793 1178 2859 Lucius
1194 2794 1286 2861 Cotta

253 2899 376 2983 legatus
405 2917 515 2963 omnes
544 2896 687 2962 cohortes
716 2895 905 2979 ordinesque
927 2895 1099 2962 adhortans
1120 2897 1154 2960 in
1176 2895 1284 2962 adver·

253 3022 322 3068 sum
344 3021 379 3067 os
401 2998 501 3065 funda
522 3001 712 3064 vulneratur.

222 3127 233 3173 1
355 3103 505 3168 XXXVI.
536 3102 595 3168 His
609 3103 703 3167 rebus
718 3108 878 3186 permotus
893 3101 1030 3179 Quintus
1048 3102 1196 3187 litorius,
1213 3123 1283 3168 cum

252 3207 360 3292 procul
374 3205 588 3290 Ambiorigem
611 3224 683 3270 suos
706 3203 920 3270 cohortantem
943 3206 1169 3290 conspexisset,
1191 3205 1283 3270 inter·

252 3316 373 3395 pretam
396 3328 487 3373 suum
503 3308 646 3373 Gnaeum
660 3307 846 3392 Pompeium
859 3307 902 3372 ad
918 3328 990 3372 eum
1011 3308 1107 3372 mittit
1129 3315 1283 3392 rogatum,

217 3420 287 3480 aut
308 3410 370 3478 sibi
391 3411 604 3493 militibusque
625 3417 744 3495 parcat.
785 3411 838 3476 ille
859 3411 1036 3496 appellatus
1057 3411 1232 3496 respondit:
1255 3413 1282 3478 si

252 3517 328 3581 velit
350 3534 456 3581 secum
479 3513 621 3597 colloqui,
644 3513 751 3598 licere;
775 3533 911 3597 sperare,
934 3514 1173 3582 amultitudine
1187 3516 1281 3602 impe

251 3620 326 3684 trari
340 3637 442 3704 posse,
466 3616 549 3700 quod
568 3616 610 3682 ad
632 3617 765 3682 militum
785 3618 917 3683 salutem
932 3619 1101 3705 pertineat;
1124 3620 1185 3704 ipsi
1208 3640 1282 3687 vero

251 3722 329 3787 nihil
340 3722 479 3789 nocitum
490 3721 538 3802 iri,
550 3720 646 3803 inque
659 3740 730 3786 eam
742 3740 807 3784 rem
819 3739 853 3786 se
865 3741 954 3787 suam
965 3721 1061 3786 iidem
1071 3722 1278 3807 interponere.

219 3826 304 3892 cille
323 3846 394 3891 cum
417 3825 509 3891 Cotta
529 3824 635 3890 saucio
651 3823 870 3906 communicat,
892 3825 919 3890 si
942 3823 1095 3907 videatur,
1117 3845 1226 3911 pugna
1246 3832 1280 3892 ut
