2936 4192
458 501 491 583 O.
519 501 636 584 IULll
667 501 896 584 CAESARIS

288 633 291 636 ’
335 683 427 783 on
459 684 684 786 nunno
718 682 1018 785 cantico

326 939 334 994 ·.
438 901 744 964 comosusanros
766 903 918 962 Pontus.

265 1089 290 1152 I.
315 1087 418 1153 Gallia
440 1092 488 1152 est
509 1086 611 1152 omnis
634 1087 737 1152 divisa
762 1087 796 1151 in
822 1093 928 1171 partes
955 1093 1033 1172 tres,
1062 1107 1192 1170 quarum
1213 1107 1226 1152 1

165 1209 258 1254 onam
280 1191 421 1255 incolunt
439 1189 567 1274 Belgae,
590 1189 684 1254 aliam
698 1189 858 1274 Aquitani,
882 1190 1017 1274 tertiam,
1040 1190 1093 1273 qui
1114 1191 1194 1274 ipso-

164 1313 232 1357 rnm
258 1293 367 1374 lingua
389 1292 506 1376 Geltae,
534 1298 642 1358 nostra
665 1293 745 1358 Galli
772 1292 979 1378 appellantur.
1024 1293 1058 1357 hi
1085 1311 1228 1360 omnesa

164 1395 281 1478 lingua,
308 1395 469 1480 institutis,
496 1395 619 1478 legibus
645 1397 727 1460 inter
754 1415 788 1462 se
817 1395 974 1460 differunt.
1021 1395 1127 1476 Gallos
1152 1395 1193 1460 ab

165 1497 331 1582 Aquitanis
346 1498 507 1563 Garumna
525 1498 653 1582 flumen,
673 1517 694 1562 a
711 1498 820 1582 Belgis
839 1483 982 1562 Matrona
1002 1504 1034 1562 et
1048 1499 1195 1582 Sequana

165 1600 287 1666 dividit.
322 1599 432 1665 horum
454 1601 592 1667 omnium
614 1601 775 1667 fortissimi
791 1607 865 1666 sunt
879 1602 1006 1685 Belgae,
1029 1607 1228 1685 proptereaa

100 1771 102 1775 ,
165 1703 283 1786 quoda
297 1704 381 1768 cultu
403 1709 498 1786 atquc
519 1703 715 1768 humanitate
737 1704 917 1788 provinciae
939 1704 1120 1787 longissime
1142 1705 1195 1768 ab·
1242 1739 1245 1746 .
1287 1747 1289 1750 -

166 1813 249 1891 sunt,
264 1807 454 1889 minimeque
468 1805 510 1870 ad
525 1825 579 1872 eos
593 1811 782 1871 mercatores
798 1825 894 1890 saepe
909 1813 1085 1898 commeant
1100 1813 1195 1890 atque

167 1931 214 1994 ea,
242 1930 323 1993 quae
336 1909 391 1975 ,ad
417 1909 646 1974 effeminandos
671 1910 793 1974 animos
821 1910 989 1994 pertinent,
1015 1910 1195 1993 important,

166 2013 361 2097 proximique
388 2018 462 2078 sunt
483 2012 658 2096 Germanis,
687 2013 740 2095 qui
767 2019 853 2076 trans
875 2011 1020 2077 Rhenum
1046 2012 1195 2095 incolunt,

168 2117 352 2199 quibuscum
373 2109 568 2180 continenter
588 2115 705 2181 bellum
727 2121 850 2199 gerunt.
881 2135 944 2198 qua
959 2114 999 2180 de
1015 2135 1111 2180 causa
1124 2115 1195 2180 Hel·
1212 2135 1230 2183 4

168 2220 242 2284 vetii
258 2239 381 2302 quoqne
399 2219 535 2301 reliquos
551 2217 657 2284 Gallos
672 2219 787 2283 uirtute
805 2218 1008 2303 praecedunt,
1028 2218 1111 2302 qnod
1130 2217 1196 2284 fere

169 2323 333 2387 cotidianis
359 2321 485 2406 proeliis
511 2341 582 2386 cum
610 2322 774 2387 Germanis
804 2321 1010 2406 contendunt,
1042 2341 1112 2386 cum
1141 2328 1197 2386 aut

169 2427 233 2492 suis
254 2425 370 2518 finibus
393 2445 446 2490 eos
468 2425 635 2508 prohibent
657 2407 712 2488 aut
732 2424 794 2508 ipsi
815 2424 849 2489 in
869 2443 975 2489 eorum
997 2423 1121 2510 finibus
1133 2425 1197 2490 bel-

168 2531 232 2594 lum
254 2533 376 2610 gerunt.
424 2547 463 2592 ea
483 2547 566 2611 pars,
590 2548 683 2610 quam
706 2527 813 2592 Gallos
835 2526 976 2592 obtinere
999 2526 1116 2592 dictum
1138 2533 1230 2612 esto

168 2631 291 2695 initium
321 2629 405 2714 capit
433 2650 455 2694 a
482 2623 611 2694 flumine
636 2629 804 2714 Rhodano,
835 2629 1011 2694 continetur
1037 2629 1198 2694 Garumna

169 2733 307 2817 flumine,
330 2733 466 2818 Oceano,
488 2733 605 2799 finibus
623 2734 801 2816 Belgarum,
824 2733 952 2816 attingit
974 2733 1069 2797 etiam
1087 2733 1129 2796 ab
1144 2733 1197 2799 Se·

170 2837 281 2920 quanis
308 2842 341 2901 et
365 2836 519 2902 Helvetiis
545 2835 663 2902 flumen
688 2836 843 2920 Rhenum,
870 2835 973 2919 vergit
998 2835 1040 2900 ad
1066 2841 1198 2920 septem·
1319 2893 1320 2896 ,

171 2939 294 3006 triones.
350 2939 468 3024 Belgae
501 2941 541 3004 ab
573 2939 722 3004 extremis
753 2939 873 3004 Galliae
901 2939 1017 3004 finibus
1047 2933 1231 3023 oriuntur,c

171 3043 329 3126 pertinent
349 3042 391 3106 ad
412 3042 591 3107 inferiorem
612 3048 734 3126 partem
755 3041 893 3106 fluminis
914 3041 1027 3126 Rheni,
1055 3047 1198 3126 spectant

172 3148 203 3210 in
230 3145 484 3230 septemtrionem
509 3152 543 3210 et
568 3145 720 3210 orientem
746 3145 852 3210 solem.
884 3144 1068 3227 'Aquitania
1092 3164 1114 3208 a
1139 3143 1231 3210 Ga·'7

171 3269 282 3312 nrmna
314 3247 443 3312 flumine
475 3248 517 3313 ad
546 3237 728 3332 Pyrenaeos
760 3253 882 3312 montes
916 3253 948 3311 et
977 3267 1047 3310 eam
1076 3252 1198 3330 partem

172 3350 299 3433 Oceani,
327 3371 408 3433 quae
435 3349 546 3415 estad
568 3351 764 3434 Hispaniam,
793 3350 944 3434 pertinet;
975 3355 1096 3433 spectat
1117 3349 1199 3412 inter

172 3473 317 3518 occasum
339 3453 413 3518 solis
435 3459 466 3516 et
488 3453 736 3536 septemtriones.

274 3557 314 3619 ΙΙ.
338 3555 433 3638 Apud
448 3556 609 3620 Helvetios
631 3557 724 3638 longe
746 3555 956 3620 nobilissimus
978 3554 1039 3618 fuit
1061 3559 1092 3618 et
1114 3554 1228 3620 ditis-1

172 3658 268 3723 simus
291 3657 466 3740 Orgetorix.
511 3657 538 3723 is
560 3658 600 3721 Μ.
618 3658 752 3722 Messala
775 3663 805 3721 et
827 3659 867 3722 M.
884 3657 997 3722 Pisone
1019 3656 1198 3720 consulibus

173 3761 261 3842 regni
288 3759 458 3843 cupiditate
484 3760 630 3825 inductus
657 3760 900 3824 coniurationem
927 3757 1098 3823 nobilitatis
1123 3757 1199 3820 fecit

224 3870 333 3917 Cacsar,
349 3869 444 3910 debello
460 3869 547 3910 Gallico.
838 3879 840 3884 ·
1030 3867 1042 3908 1
