2966 4196
414 230 522 287 001111.
534 229 583 288 VI.
602 232 685 290 OAP.
702 233 999 294 XXXIV—XXXVI.
1166 225 1227 289 133

190 402 327 472 Caesare
349 403 506 491 relictnm3
529 405 647 490 primos
660 405 844 474 Eburonum
858 407 939 476 fines
957 409 1090 496 adeunt;
1114 411 1228 478 multos

189 525 232 572 ex
254 506 332 590 fuga
350 505 509 593 dispersos
524 508 696 593 excipiunt,
712 528 829 595 magno
844 511 968 596 pecoris
982 532 1122 596 numero,
1140 515 1228 580 cuius

189 615 263 675 sunt
286 609 481 695 cupidissimi
502 611 639 696 barbari,
663 612 834 696 potiuntur.
872 613 999 681 invitati
1021 615 1141 701 praeda
1163 617 1261 685 lon-r

189 711 261 796 gius
282 712 466 798 procedunt.
511 733 575 781 non
598 714 656 782 hos
677 715 810 800 paludes
831 715 866 781 in
888 717 970 786 bello
992 718 1227 802 latrociniisque

189 821 289 898 natos,
313 836 377 882 non
400 817 499 884 silvas
521 823 690 884 morantur.
737 818 851 900 quibus
880 818 914 883 in
936 819 1013 886 locis
1035 820 1077 886 sit
1100 821 1226 903 Caesar,

189 937 232 984 ex
247 919 381 1004 captivis
397 927 564 1007 quaenunt,
583 921 760 1006 profectum
774 921 899 1006 longius
915 921 1076 1006 reperiunt
1090 941 1227 988 omnem-

188 1039 251 1103 que
281 1023 454 1090 excrcitum
485 1022 668 1090 discessisse
698 1030 901 1108 cognoscunt.
947 1030 1043 1107 atquo
1071 1044 1153 1091 unus
1184 1045 1260 1095 exa

189 1124 336 1208 captivis:
361 1125 442 1211 quid
462 1147 526 1205 uos,
548 1127 661 1212 inquit,
684 1128 768 1190 bana
789 1127 940 1214 miseram
959 1149 997 1190 ac
1020 1136 1144 1191 tenuem
1165 1150 1226 1192 scc—
1334 1178 1335 1182 ,

190 1227 308 1290 tamini
324 1227 498 1312 praedam,
521 1229 638 1315 quibus
661 1229 734 1294 licet
754 1230 822 1293 iam
841 1251 905 1294 csse
921 1231 1226 1317 fortunatissimos?

189 1328 295 1394 tribus
319 1331 408 1394 boris
423 1331 634 1396 Aduatucam
647 1333 757 1397 uenire
774 1333 927 1418 potestis:
950 1336 1013 1398 buc
1028 1356 1132 1398 omnes
1147 1357 1225 1398 suas

182 1429 345 1517 fortunas
370 1435 530 1498 accercitus
546 1435 769 1499 Romanorum
791 1437 946 1517 contulit·
963 1437 1133 1522 praesidii
1156 1447 1259 1505 tan-e

189 1543 258 1598 tum
280 1545 334 1615 est,
357 1547 396 1600 ut
417 1559 457 1601 ne
478 1559 594 1602 murus
622 1538 751 1624 quidem
778 1539 866 1626 cingi
888 1541 1117 1624 possitneque
1140 1541 1225 1624 quis-

188 1659 291 1722 quam¹
308 1638 417 1725 egredi
439 1649 534 1704 satra
556 1642 751 1706 munitiones
776 1641 907 1705 audeat.
951 1641 1015 1716 hac
1039 1643 1146 1706 oblata
1168 1639 1231 1727 spe
1245 1663 1274 1712 ro

187 1739 349 1823 Germani,
381 1761 476 1824 quarn
507 1744 592 1809 nacti
623 1751 714 1810 erant
743 1744 904 1828 praedam,
935 1744 969 1809 in
991 1745 1112 1810 occulto
1134 1745 1226 1810 relin-

188 1850 302 1929 quunt;
324 1843 386 1928 ipsi
400 1845 598 1912 Aduatucam
614 1845 809 1912 contendunt
830 1846 880 1911 usi
896 1845 1007 1910 eodem
1023 1845 1112 1926 duce,
1137 1846 1225 1911 cuius

188 1944 268 2012 haec
288 1946 405 2016 indicio
429 1957 650 2032 cognoverant.

153 2043 156 2047 ’
290 2050 441 2115 XXXVI.
488 2051 606 2136 Cicero,
631 2052 684 2134 qui
715 2071 824 2117 omnes
846 2051 1023 2136 superiores
1045 2051 1115 2118 dies
1136 2070 1257 2136 prae-1

189 2152 288 2236 ceptis
311 2153 455 2220 Caesaris
478 2174 549 2219 cum
571 2175 694 2221 summa
716 2154 883 2238 diligentia
911 2154 1027 2220 milites
1056 2154 1090 2220 in
1113 2153 1224 2221 1111111

188 2256 394 2322 continuisset
426 2277 465 2322 ac
498 2277 539 2323 ne
573 2259 715 2324 calonem
749 2257 876 2341 quidem
910 2278 1100 2341 quemquam
1133 2263 1225 2323 extra

189 2358 394 2424 munitionem
417 2359 526 2443 egredi
548 2379 660 2445 passus
679 2367 772 2444 esset,
796 2361 929 2446 septimo
952 2361 1004 2426 dic
1019 2360 1169 2426 diffidens
1184 2359 1225 2426 de

188 2480 318 2526 numero
334 2459 456 2554 dierum
472 2463 641 2529 Gaesarem
654 2462 750 2528 fidem
766 2468 972 2546 servatorum,
997 2461 1081 2546 quod
1099 2462 1225 2546 longim

188 2583 389 2649 progressum
402 2564 552 2631 audiebat
566 2585 670 2648 neque
684 2565 749 2630 nlla
764 2564 805 2630 de
819 2564 922 2629 reditu
938 2565 1005 2629 eius
1017 2563 1103 2628 fama
1116 2565 1224 2628 affere-

188 2667 290 2750 batur,
314 2666 406 2732 simul
421 2687 528 2733 eorum
542 2675 702 2752 permotus
716 2667 856 2752 vocibus,
874 2667 928 2748 qui
941 2665 1024 2731 illius
1038 2665 1224 2750 patientiam
1242 2685 1259 2734 a

188 2789 291 2854 paene
305 2770 518 2836 obsessionem
532 2771 745 2855 appellabant,
761 2769 917 2852 siquidem
933 2788 974 2832 ex
990 2767 1100 2833 castris
1116 2765 1225 2850 egredi

188 2892 251 2937 non
273 2872 392 2954 liceret,
415 2873 536 2939 nullum
555 2872 708 2938 eiusmodi
731 2892 838 2937 casum
855 2876 1054 2954 exspectans,
1079 2889 1149 2952 quo,
1172 2889 1226 2934 no·-

188 2995 260 3041 vem
295 2976 445 3060 oppositis
474 2975 652 3060 legionibus
678 2974 881 3056 maximoque
903 2971 1044 3054 equitatu
1075 2970 1225 3055 dispersrs

188 3097 226 3144 ac
258 3098 362 3163 paene
395 3078 507 3144 deletis
540 3079 692 3162 hostibus,
726 3077 760 3142 in
790 3076 917 3142 milibus
945 3094 1096 3160 passuum
1125 3073 1225 3140 tribus

187 3180 306 3247 offendi
328 3189 444 3267 posset,
468 3182 607 3264 quinque
634 3181 777 3247 cohortes
804 3179 1030 3244 immantatum
1059 3177 1093 3242 in
1122 3177 1226 3261 proxi-

188 3303 256 3350 mas
286 3289 411 3368 segetes
440 3284 544 3369 mittit,
576 3304 654 3366 quas
680 3283 764 3348 inter
794 3289 826 3347 11
853 3287 956 3347 castm
985 3300 1067 3346 unus
1098 3279 1225 3346 omnino

189 3387 276 3452 collis
308 3387 468 3452 intererat.
523 3387 698 3471 complures
733 3391 823 3451 erant
853 3404 893 3450 ex
926 3383 1103 3468 legionibus
1136 3381 1259 3466 aegris

189 3488 302 3576 relicti;
327 3510 367 3555 ex
399 3489 512 3571 quibus
542 3490 595 3572 qui
622 3489 682 3554 hoc
707 3487 808 3573 spatio
839 3487 961 3553 dierum
991 3487 1225 3567 convaluerant,

189 3590 313 3657 circiter
343 3592 432 3673 OOC,
463 3593 521 3658 sub
547 3591 664 3658 vexillo
693 3611 758 3656 una
787 3589 965 3676 mittuntur;
995 3609 1113 3672 magna
1138 3605 1226 3670 prae-

189 3699 277 3760 terea
305 3692 472 3760 multitudo
494 3694 648 3777 calonum,
675 3714 794 3779 magna
819 3692 868 3758 vis
897 3692 1116 3771 iumentorum,
1145 3706 1225 3770 quae

189 3795 222 3862 in
246 3797 356 3862 castris
378 3795 594 3879 subsederunt,
618 3796 703 3862 facta
724 3800 879 3880 potestate
902 3795 1050 3877 equitur.
1069 3799 1074 3810 ’
