2966 4196
471 205 579 260 collui.
591 204 655 261 VII.
675 202 759 260 cAP.
771 205 903 262 L-LIV.
1142 195 1206 260 165

166 381 228 466 ipsi
250 377 486 460 iudicavissent,
510 397 571 460 quo
593 376 829 462 procedendum
851 384 907 443 aut
937 379 1013 462 quid
1043 381 1202 465 agendum

166 484 335 565 videretur,
365 499 468 564 neque
499 480 590 563 signo
618 480 792 564 recipiendi
820 479 894 546 dato
917 483 1130 549 constitissent
1152 506 1204 551 ne·

165 607 228 670 que
258 585 299 650 ab
329 583 464 649 tribunis
493 582 627 646 militum
657 582 834 668 legatisque
862 584 990 649 retineri
1018 587 1202 670 potuissent.

166 688 323 774 exposuit,
347 685 423 769 quid
445 685 596 768 iniquitas
618 685 679 751 loci
700 693 816 770 posset,
840 686 924 770 quod
946 688 1015 772 ipse
1037 689 1079 753 ad
1094 690 1240 760 Avari-a

165 813 239 858 curn
261 789 422 873 sensisset,
446 808 516 853 cum
540 789 609 854 sine
631 788 711 854 duce
731 796 763 854 et
786 789 855 854 sine
874 791 1015 872 equitatu
1031 791 1204 876 deprehen·
1237 806 1240 812 ·

164 897 211 962 sis
232 893 376 959 hostibus
399 891 595 975 exploratam
617 891 781 956 victoriam
804 891 983 977 dimisisset,
1007 913 1048 958 ne
1070 915 1203 978 parvum

166 997 260 1064 modo
290 996 514 1062 detrimentum
546 994 581 1058 in
610 993 812 1060 contentione
844 1002 972 1080 propter
1004 996 1202 1079 iniquitatem

166 1101 227 1166 loci
249 1098 415 1165 accideret.
447 1103 564 1180 quanto
586 1116 681 1180 opere
704 1116 811 1162 eorum
833 1097 930 1162 animi
953 1099 1203 1183 magnitudinem
1222 1121 1237 1169 a

165 1203 384 1284 admiraretur,
415 1220 493 1285 quos
523 1220 586 1265 non
617 1205 789 1265 castrorum
816 1201 1016 1286 munitiones,
1047 1222 1110 1269 non
1137 1203 1203 1267 alti·

116 1357 136 1388 „
166 1306 243 1372 tudo
265 1305 391 1386 montis,
414 1323 478 1369 non
500 1322 608 1368 murus
630 1301 738 1387 oppidi
767 1302 893 1368 tardare
922 1305 1084 1388 potuisset,
1116 1311 1203 1371 tanto

164 1429 262 1494 opere
283 1407 445 1473 licentiam
467 1405 743 1489 arrogantiamque
762 1405 1003 1489 reprehendere,
1026 1407 1111 1490 quod
1132 1409 1203 1492 plus

166 1532 202 1578 se
224 1531 320 1596 quarn
341 1511 563 1595 imperatorem
585 1507 626 1572 de
640 1507 773 1572 victoria
787 1514 884 1591 atque
899 1509 987 1574 exitu
1008 1529 1112 1575 rerum
1135 1530 1203 1576 sen-

165 1616 226 1681 tire
249 1613 480 1697 existimarent;
511 1631 571 1676 nec
592 1611 697 1676 minus
719 1629 754 1676 se
776 1611 817 1675 ab
840 1611 940 1676 milite
962 1611 1148 1678 modestiam
1171 1619 1238 1681 etr
1352 1621 1357 1632 ’

165 1716 394 1784 continentiam
417 1735 512 1798 quam
534 1714 682 1779 virtutem
703 1719 799 1796 atque
825 1713 923 1778 animi
952 1714 1202 1798 magnitudinem

165 1819 356 1886 desiderare.

270 1923 356 1988 LIII.
401 1922 470 1986 Hac
499 1919 609 1986 habita
639 1919 784 1985 contione
815 1924 847 1984 et
875 1917 917 1984 ad
940 1925 1114 1984 extremam
1136 1940 1235 1988 ora-r

166 2027 285 2092 tionem
308 2023 500 2090 confirmatis
521 2022 683 2103 militibus,
713 2041 754 2088 ne
776 2023 816 2087 ob
839 2021 923 2087 hanc
945 2042 1073 2087 causam
1096 2023 1202 2088 animo

166 2133 425 2214 permoverentur
446 2147 519 2210 neu,
543 2125 628 2209 quod
648 2126 799 2208 iniquitas
820 2125 880 2192 loci
902 2126 1068 2210 attulisset,
1091 2125 1125 2191 id
1143 2126 1203 2191 vir-

165 2232 226 2297 tuti
256 2229 393 2296 hostium
422 2230 605 2311 tribuerent,
629 2228 741 2294 eadem
764 2228 804 2294 de
832 2229 1026 2314 protectione
1050 2231 1202 2315 cogitans

165 2352 249 2417 quae
270 2339 346 2398 ante
368 2338 519 2413 senserat,
542 2331 684 2415 legiones
706 2351 748 2397 ex
770 2332 881 2398 castris
903 2331 1014 2398 eduxit
1039 2334 1202 2416 aciemque

107 2488 109 2492 .
165 2437 280 2502 idoneo
303 2437 371 2500 loco
394 2435 564 2501 constituit
610 2454 681 2499 cum
703 2434 945 2518 Vercingetorix
971 2435 1069 2500 nihilo
1099 2436 1234 2520 magica

164 2540 199 2604 in
221 2558 357 2621 aequum
378 2539 482 2602 locum
504 2535 720 2618 descenderet,
749 2537 813 2602 levi
842 2537 926 2602 facto
949 2538 1084 2620 equestri
1114 2558 1201 2622 proc

165 2641 207 2706 lio
230 2647 325 2724 atque
348 2638 487 2707 secundo
509 2639 543 2704 in
566 2645 669 2704 castra
691 2639 866 2704 exercitum
884 2639 1020 2704 reduxit.
1055 2659 1125 2704 cum
1141 2639 1234 2708 hoca

164 2743 250 2808 idem
279 2749 404 2828 postero
434 2741 487 2807 die
515 2741 652 2824 fecisset,
684 2741 761 2807 satis
782 2741 825 2806 ad
847 2741 1000 2807 Gallicam
1022 2741 1201 2808 ostentatio-

164 2867 239 2911 nem
262 2844 466 2910 minuendam
488 2844 685 2927 militumque
700 2845 823 2910 animos
838 2844 1067 2910 confirmandos
1082 2844 1200 2910 sactum

165 2947 353 3014 existimans
375 2947 409 3012 in
431 2946 559 3013 Aeduos
581 2947 681 3012 movit
702 2953 813 3014 castra.
855 2967 897 3013 ne
918 2954 985 3012 tum
1008 2947 1133 3031 quidem
1155 2948 1235 3016 int

165 3051 280 3116 secutis
302 3050 455 3134 hostibus,
486 3040 591 3115 tertio
608 3049 660 3114 die
687 3049 729 3114 ad
759 3049 876 3115 flumen
898 3050 1013 3116 Elaver
1041 3052 1199 3136 pervenit;

164 3159 293 3238 pontem
316 3153 416 3218 reficit
439 3173 538 3236 eoque
561 3153 734 3218 exercitum
756 3153 900 3218 traducit.

268 3256 349 3320 LIV.
395 3255 445 3322 lbi
466 3276 487 3320 a
509 3254 705 3322 Viridomaro
727 3261 824 3338 atque
845 3255 1058 3340 Eporedorige
1079 3258 1200 3324 Aeduis
1219 3279 1232 3327 1

164 3358 342 3442 appellatus
364 3357 466 3442 discit,
490 3378 560 3422 cum
583 3357 668 3423 omni
691 3358 833 3441 equitatu
854 3359 1049 3424 Litaviccum
1071 3360 1113 3425 ad
1143 3361 1200 3428 sol·

164 3461 331 3527 licitandos
353 3461 482 3527 Aeduos
503 3460 693 3547 profectum3
716 3481 794 3546 opus
818 3482 887 3528 esse
909 3463 994 3546 ipsos
1012 3464 1200 3530 antecedere

163 3563 206 3628 ad
229 3563 475 3629 confirmandam
498 3564 668 3629 civitatem.
715 3565 774 3630 etsi
795 3565 901 3632 multis
927 3565 992 3630 iam
1013 3567 1109 3632 rebus
1130 3587 1231 3651 per-a

165 3665 273 3730 fidiam
295 3667 475 3754 Aeduorum
497 3673 696 3750 perspectam
722 3665 862 3732 habebat
883 3674 978 3752 atque
1007 3668 1117 3734 horum
1140 3669 1199 3734 dis-

164 3765 256 3834 cessit
286 3768 478 3834 admaturari
508 3768 718 3834 desectionem
746 3769 882 3836 civitatis
914 3771 1126 3853 existimabat,
1156 3779 1199 3837 ta·
