2966 4196
284 237 329 302 94
621 253 671 307 DE
688 252 805 308 BELLO
824 251 985 308 GALLIGO

285 447 347 510 que
370 427 487 494 Caesar
516 425 687 510 praemisso
718 425 859 508 equitatu
889 423 1055 491 confestim
1084 425 1225 510 legiones
1248 431 1317 494 sub·

244 529 374 612 esequi
395 530 495 596 iussit.
541 528 598 594 sed
625 549 664 594 ea
690 528 849 594 celeritate
877 534 973 611 atquc
1002 547 1039 594 eo
1061 529 1181 613 impetu
1203 530 1318 596 milites

283 626 400 716 ierunt,
420 653 490 698 oum
513 631 616 716 capite
638 631 703 698 solo
725 651 766 696 ex
788 651 871 713 aqna
887 637 1057 714 exstarent,
1080 637 1116 697 ut
1136 631 1242 698 hostes
1263 633 1318 696 im-

190 771 192 775 *
283 742 391 819 petum
424 735 583 820 legionum
615 740 711 817 atque
744 733 884 817 equitum
914 733 1069 800 sustinere
1097 755 1161 801 non
1190 742 1317 817 possent

283 837 430 921 ripasque
453 837 646 902 dimitterent
667 857 706 902 ac
728 857 763 902 se
784 835 880 921 fugae
901 836 1098 902 mandarent.

248 961 264 1009 ι
382 941 476 1005 XIX.
522 941 791 1024 Cassivellaunus,
824 946 860 1005 ut
893 959 989 1023 supra
1021 939 1315 1026 demonstravimus,
1372 939 1375 944 ’

282 1044 368 1110 omni
390 1043 535 1128 deposita
557 1063 613 1127 spe
636 1042 854 1123 contentionis,
877 1041 1015 1109 dimissis
1044 1043 1247 1128 amplioribus
1268 1065 1316 1110 co
1379 1111 1381 1114 .

282 1147 352 1230 piis,
375 1146 501 1212 milibus
517 1145 640 1210 circiter
655 1151 799 1227 quattuor
816 1143 1042 1210 essedariorum
1062 1146 1186 1228 relictis,
1202 1147 1316 1212 itinera

282 1257 390 1314 nostra
422 1249 571 1314 servabat
602 1247 793 1332 paulumque
827 1267 868 1312 ex
890 1247 944 1312 via
973 1247 1149 1315 excedebat
1177 1249 1315 1332 locisque

282 1350 442 1436 impeditis
462 1371 501 1415 ac
524 1350 719 1416 silvestribus
741 1370 811 1416 sese
833 1351 1010 1416 occumbat
1031 1357 1128 1433 atque
1148 1351 1188 1418 iis
1217 1352 1315 1435 regio-

244 1454 385 1537 anibus,
410 1453 523 1536 quibus
546 1473 604 1519 nos
625 1453 685 1518 iter
707 1453 845 1520 facturos
860 1461 1060 1538 cognoverat,
1083 1475 1199 1538 pecora
1219 1462 1314 1538 atque

281 1556 424 1623 homiues
440 1577 481 1622 ex
495 1556 581 1640 agris
602 1557 636 1621 in
659 1556 755 1622 silvas
778 1557 984 1641 compellebat
1006 1564 1046 1641 et,
1070 1577 1141 1622 cum
1157 1557 1314 1640 equitatus

282 1665 387 1725 noster
408 1659 537 1725 liberius
558 1658 733 1744 praedandi
755 1659 963 1743 vastandique
993 1679 1089 1726 causa
1110 1679 1145 1726 sc
1166 1659 1200 1726 in
1221 1681 1315 1744 agros

281 1762 425 1844 eiecerat,
459 1762 604 1828 omnibus
637 1762 698 1828 viis
731 1762 911 1844 semitisque
945 1762 1119 1828 essedarios
1152 1783 1193 1828 ex
1226 1763 1314 1828 silvis

282 1866 446 1932 emittebat
468 1871 499 1930 et
521 1885 638 1950 magno
654 1885 725 1930 cum
745 1865 882 1949 periculo
897 1871 1073 1930 nostrorum
1088 1866 1227 1947 equitum
1242 1886 1313 1930 oum

280 1968 320 2034 iis
343 1967 532 2053 confligebat
554 1975 650 2051 atque
671 1967 731 2034 hoc
752 1973 839 2033 metu
864 1967 958 2033 latius
980 1968 1089 2052 vagari
1115 1968 1310 2053 prohibebat.

243 2072 525 2154 erelinquebatur,
559 2076 595 2135 ut
627 2090 730 2152 neque
763 2069 886 2154 longius
919 2071 960 2136 ab
993 2071 1122 2156 agmine
1154 2071 1313 2156 legionum

281 2173 401 2239 discedi
424 2173 541 2239 Caesar
569 2179 738 2256 pateretur,
769 2179 800 2236 et
829 2178 951 2248 tautum
980 2173 1014 2239 in
1043 2173 1129 2258 agris
1150 2173 1313 2240 vastandis

280 2275 498 2358 incendiisque
517 2273 671 2340 faciendis
690 2274 831 2340 hostibus
850 2282 1022 2358 noceretur,
1041 2283 1192 2359 quantum
1206 2277 1312 2342 labore

281 2384 376 2461 atque
397 2379 510 2444 itinere
532 2377 696 2462 legionarii
718 2377 833 2442 milites
856 2378 981 2444 efficere
1003 2385 1157 2463 poterant.

246 2503 262 2548 ι
383 2481 456 2545 ΧΧ.
493 2481 624 2546 Interim
645 2481 864 2562 Trinobantes,
886 2502 985 2566 prope
1005 2481 1183 2548 firmissima
1205 2503 1311 2548 earum

280 2583 444 2668 regionum
466 2583 587 2667 civitas,
611 2603 652 2648 ex
680 2604 742 2667 qua
763 2582 1007 2651 Mandubracius
1028 2585 1214 2650 adulescens
1237 2587 1312 2652 Cae·

280 2687 360 2753 saris
392 2686 488 2752 fidem
521 2692 647 2752 secutus
680 2686 722 2752 ad
759 2707 831 2753 eum
864 2687 897 2752 in
931 2688 1144 2754 continentem
1178 2689 1311 2754 Calliam

280 2797 418 2874 venerat,
449 2789 537 2855 cuius
566 2795 657 2874 pater
684 2789 719 2854 in
749 2809 788 2856 ea
816 2790 944 2856 civitate
973 2811 1105 2875 regnum
1134 2791 1312 2856 obtinuerat

279 2893 526 2976 interfectusque
555 2899 622 2958 erat
652 2913 673 2958 a
702 2893 947 2974 Cassiuellauno,
977 2894 1046 2978 ipsc
1074 2893 1151 2978 fuga
1179 2901 1311 2958 mortem

242 2995 444 3080 evitaverat,
474 2996 596 3078 legatos
625 2994 668 3060 ad
698 2995 866 3062 Caesarem
894 2996 1023 3060 mittunt
1055 2995 1310 3080 pollicenturque,
1335 3056 1338 3062 .

241 3118 349 3166 esesc
383 3099 411 3162 ei
445 3096 604 3163 dedituros
637 3103 733 3180 atque
761 3098 915 3182 imperata
943 3098 1094 3183 facturos3
1127 3105 1247 3184 petunt,
1277 3105 1312 3163 ut

279 3199 538 3266 Mandubracium
564 3203 604 3267 ab
632 3201 747 3265 iniuria
776 3201 1004 3268 Cassivellauni
1037 3200 1187 3268 defendat
1216 3207 1311 3284 atque

241 3323 262 3371 4
278 3303 313 3367 in
329 3302 488 3368 civitatem
502 3303 615 3388 mittat,
636 3304 690 3386 qui
708 3304 826 3388 praesit
843 3304 1070 3388 imperiumque
1089 3305 1238 3371 obtineat.
1262 3303 1310 3369 his

280 3406 396 3471 Caesar
417 3405 551 3490 imperat
570 3407 697 3472 obsides
720 3406 928 3490 quadraginta
950 3407 1203 3489 frumentumque
1225 3427 1311 3472 exer-

280 3509 354 3574 citui
365 3508 687 3591 Mandubraciumque
701 3509 743 3574 ad
759 3529 811 3574 eos
826 3510 930 3574 mittit.
946 3509 992 3574 illi
1006 3509 1159 3594 imperata
1170 3509 1310 3574 celeriter

278 3611 429 3696 fecerunt,
458 3610 583 3678 obsides
605 3611 647 3676 ad
674 3633 838 3677 numerum
867 3613 1120 3696 frumentumque
1149 3613 1308 3678 miserunt.

156 3739 158 3743 ·
244 3736 260 3782 ι
382 3715 471 3779 XXI.
516 3714 761 3780 Trinobantibus
783 3714 921 3780 defensis
947 3721 1043 3797 atque
1064 3717 1104 3781 ab
1128 3715 1213 3780 omni
1235 3715 1310 3780 mili·

282 3824 346 3882 tum
375 3805 489 3883 iniuria
510 3818 675 3902 prohibitis
697 3817 892 3902 Cenimagni,
923 3818 1112 3904 Segontiaci,
1140 3817 1308 3899 Ancalites,
