2960 4192
463 249 570 306 COMM.
584 250 663 306 VIII.
681 251 764 308 cAP.
777 253 904 308 Vl-IX.
1138 239 1197 302 191

165 430 196 489 et
216 421 461 488 frumentatione
491 430 522 488 et
551 424 670 506 reliquo
701 432 876 491 commeatu
907 445 948 492 er
977 427 1102 493 insidiis
1131 449 1200 512 pro·

164 525 274 591 hibere
306 527 473 591 Romanos.

267 629 354 695 VIII.
400 627 489 706 Quae
512 629 629 696 Caesar
659 631 928 698 consentientibus
956 632 1098 717 pluribus
1128 654 1232 704 cumr

164 738 333 817 cognosset
362 738 459 814 atque
489 751 536 812 ea,
567 752 649 815 quae
670 741 928 819 proponerentur,
952 736 1083 801 consilia
1105 737 1201 820 plena

163 834 352 919 prudentiae
384 835 540 919 longeque
572 855 593 899 a
625 837 802 902 temeritate
839 839 1043 904 barbarorum
1080 846 1201 906 remota

164 959 235 1005 esse
257 937 419 1020 iudicaret,
442 939 588 1004 omnibus
610 940 704 1006 rebus
733 940 970 1006 inserviendum
992 942 1110 1024 statuit,
1138 963 1199 1025 quo
1262 987 1264 994 ,

164 1042 298 1108 celerius
319 1042 426 1109 hostes
448 1049 629 1128 contempta
651 1063 777 1109 suorum
798 1044 959 1128 paucitate
980 1045 1143 1129 prodirent
1165 1047 1199 1110 in

163 1147 275 1211 aciem.
310 1146 478 1230 singularis
501 1147 585 1211 enim
607 1146 732 1212 virtutis
755 1148 938 1214 veterrimas
960 1148 1101 1232 legiones
1115 1149 1233 1232 VH.,a

163 1250 262 1330 VHI.‚
285 1249 344 1314 IX.
369 1249 517 1331 habebat,
539 1269 681 1316 summae
703 1250 772 1336 spei
800 1250 1006 1334 delectaeque
1027 1251 1199 1317 iuventutis

163 1353 232 1434 XI,
256 1373 337 1435 quae
359 1358 471 1419 octavo
493 1353 557 1418 iam
579 1352 736 1439 stipendio
759 1353 922 1418 tamenin
945 1354 1111 1421 collatione
1133 1355 1200 1420 reli-

165 1476 297 1539 quarum
326 1454 467 1520 nondum
497 1453 632 1521 eandem
655 1455 821 1521 vetustatis
850 1475 889 1520 ac
917 1456 1042 1523 virtutis
1073 1464 1200 1543 ceperat

165 1559 354 1644 opinionem.
399 1558 506 1640 itaque
529 1557 658 1624 consilio
680 1557 835 1624 advocato
857 1559 951 1624 rebus
972 1559 1022 1641 iis,
1054 1580 1135 1642 quae
1156 1559 1199 1624 ad
1217 1581 1232 1628 a

165 1682 200 1728 se
222 1667 329 1728 essent
351 1660 484 1742 delatae,
507 1661 653 1728 omnibus
676 1660 828 1744 expositis
849 1660 971 1727 animos
990 1661 1199 1728 multitudinis

165 1764 338 1830 confirmat.
362 1764 390 1830 si
412 1763 493 1830 sorte
514 1763 621 1829 hostes
643 1762 738 1828 trium
760 1764 919 1847 legionum
941 1784 1072 1830 numero
1093 1772 1200 1849 posset

166 1867 278 1932 elicere
307 1865 350 1931 ad
379 1865 602 1948 dimicandum,
631 1865 769 1951 agminis
797 1864 939 1931 ordinem
961 1867 1007 1930 ita
1029 1867 1198 1951 constituit,

164 1977 200 2035 ut
228 1971 369 2055 legiones
391 1969 473 2052 VII,
500 1970 598 2051 VHI.‚
629 1969 686 2034 IX.
717 1975 793 2034 ante
823 1970 929 2034 omnia
958 1970 1041 2034 irent
1070 1970 1200 2055 impedi·

165 2081 296 2160 menta,
313 2073 429 2139 deinde
458 2073 598 2139 omnium
627 2071 923 2158 impedimentorum
955 2093 1080 2158 agmen,
1116 2073 1200 2157 qued

164 2184 271 2243 tamen
294 2183 361 2242 erat
383 2176 548 2258 mediocre,
571 2176 654 2241 utin
670 2175 927 2261 expeditionibus
942 2196 1011 2242 esse
1027 2176 1199 2262 consuevit,

165 2286 290 2364 cogeret
322 2281 391 2362 XI,
425 2300 466 2345 ne
498 2279 625 2345 maioris
659 2280 868 2346 multitudinis
900 2281 1023 2365 species
1055 2282 1200 2348 accidere

164 2383 307 2449 hostibus
329 2389 444 2467 posset,
476 2404 571 2465 quam
592 2384 653 2468 ipsi
670 2383 943 2469 ,depoposcissent
989 2385 1050 2450 hac
1079 2387 1199 2451 ratione
1217 2405 1234 2454 4

163 2505 267 2572 paene
289 2485 441 2568 quadrato
462 2486 591 2570 agmine
612 2487 762 2552 instructo
784 2487 818 2552 in
841 2494 1043 2571 conspectum
1064 2487 1200 2554 bostium

165 2589 296 2662 celerius
318 2589 467 2675 opinione
489 2610 595 2655 eorum
618 2591 792 2668 exercitum
813 2589 951 2655 adducit.

269 2694 326 2759 IX.
373 2693 452 2760 (lum
482 2699 611 2777 repente
643 2693 812 2758 instructas
838 2693 926 2758 velut
958 2692 992 2756 in
1019 2692 1087 2756 acie
1115 2699 1231 2760 certor

164 2796 265 2882 gradu
286 2796 429 2882 legiones
450 2796 601 2862 accedere
617 2796 698 2863 Galli
713 2795 868 2879 viderent,
892 2816 1023 2878 quorum
1047 2802 1136 2860 erant
1157 2795 1200 2860 ad

166 2901 334 2966 Caesarem
356 2900 451 2984 plena
473 2899 608 2966 fiduciae
631 2899 762 2966 consilia
783 2899 914 2983 perlata,
938 2897 1005 2964 sive
1021 2898 1200 2963 certaminis

165 3003 302 3089 periculo
333 3004 402 3070 sive
431 3004 534 3070 subito
563 3003 703 3069 adventu
735 3003 804 3068 sive
837 3001 1073 3087 exspectatione
1103 2989 1223 3066 nostri

165 3107 288 3172 consilii
319 3107 425 3192 copias
454 3108 614 3174 instruunt
643 3127 700 3192 pro
730 3108 840 3172 castris
870 3127 931 3172 nec
951 3107 1020 3171 loco
1042 3104 1200 3190 superiore

165 3209 333 3276 decedunt.
379 3211 506 3293 Caesar,
537 3211 597 3276 etsi
626 3209 777 3275 dimicare
806 3216 979 3294 optaverat,
1011 3215 1118 3274 tamen
1147 3209 1234 3276 ada

165 3313 296 3379 miratus
326 3319 448 3378 tantam
477 3312 711 3379 multitudinem
740 3312 878 3378 hostium
907 3313 991 3378 valle
1023 3313 1201 3378 intermissa

165 3416 268 3501 magis
289 3416 323 3482 in
345 3415 544 3482 altitudinem
566 3415 717 3501 depressa
746 3435 840 3498 quam
862 3414 926 3480 late
948 3421 1077 3500 patente
1100 3423 1201 3481 castra

166 3519 277 3585 castris
299 3519 436 3586 hostium
459 3519 588 3585 confert.
626 3518 706 3585 haec
727 3519 862 3604 imperat
883 3518 967 3584 vallo
989 3517 1106 3603 pedum
1128 3517 1234 3586 duo-a

165 3621 268 3688 decim
299 3622 422 3706 muniri,
454 3621 613 3688 loriculam
642 3642 699 3706 pro
728 3622 850 3688 ratione
872 3621 940 3687 eius
961 3621 1135 3686 altitudinis
1157 3621 1201 3685 in·

165 3725 336 3807 aedificari,
359 3725 477 3791 fossam
500 3725 657 3810 duplicem
679 3725 797 3810 pedum
817 3724 932 3791 denum
949 3725 1078 3807 quinum
1100 3724 1202 3789 lateri-

165 3828 226 3893 bus
248 3827 381 3912 deprimi
397 3828 533 3909 directis‚
549 3835 650 3894 turres
667 3829 798 3894 excitari
814 3829 939 3894 crebras
954 3829 987 3892 in
1002 3826 1201 3894 altitudinem
