2966 4196
481 255 590 311 conu
602 255 637 310 v.
656 255 739 310 cnr.
751 255 894 310 vn-ru
1165 238 1206 300 89

175 435 303 494 secutus
323 429 419 494 remis
438 427 609 510 contendit,
631 435 667 492 ut
689 447 759 492 eam
781 434 905 511 partem
926 427 1048 493 insulae
1070 432 1205 511 caperet,

175 553 239 614 qua
260 532 412 615 optimum
435 550 505 596 csse
520 550 682 614 egressum
697 531 858 614 superiore
871 537 992 596 aestate
1007 536 1204 613 cognoverat.

176 655 239 717 qua
266 635 299 698 in
329 654 365 699 re
393 633 563 698 admodum
588 633 650 697 fuit
678 634 812 698 militum
841 633 941 698 virtus
962 631 1130 714 hudauda,
1153 632 1240 714 quir

174 737 320 802 vectoriis
346 735 560 820 gravibusque
588 736 726 820 navigiis
746 755 811 800 non
833 735 1010 800 intermisso
1032 733 1207 818 remigandi

175 840 281 904 labore
301 840 468 922 longarum
489 839 619 904 narium
642 858 767 903 cursum
788 837 1014 920 adaequarunt.
1044 856 1240 904 accessums

175 949 223 1008 est
245 941 287 1006 ad
305 942 503 1006 Britanniam
523 942 670 1007 omuibus
691 941 827 1006 navibus
848 939 1022 1004 meridiano
1044 939 1110 1004 fere
1132 946 1207 1004 tem-

174 1065 259 1128 pore,
282 1065 386 1128 neque
408 1045 442 1109 in
464 1065 502 1109 eo
523 1045 592 1110 loco
614 1044 714 1110 hostis
736 1044 908 1126 astricus,
935 1041 1002 1124 sed,
1031 1048 1067 1106 ut
1095 1047 1239 1125 posteao

175 1149 293 1213 Caesar
325 1168 367 1212 ex
401 1147 537 1232 captivis
569 1147 727 1230 cognorit,
761 1167 833 1210 cum
861 1165 997 1230 magnae
1025 1164 1138 1210 mauus
1168 1163 1205 1209 eo

174 1251 405 1331 convenissent,
432 1249 634 1314 multitudine
660 1249 789 1314 navium
815 1249 1009 1333 perterritae,
1031 1267 1113 1331 quae
1135 1267 1206 1312 cum

173 1353 332 1417 annotinis
362 1353 565 1436 privatisque,
595 1372 673 1434 quas
695 1352 745 1416 sui
766 1352 899 1434 quisque
927 1349 1082 1416 commodi
1112 1363 1206 1414 cansa

173 1453 302 1538 fecerat,
324 1455 461 1539 amplius
482 1456 683 1538 octingentae
704 1475 768 1519 uno
790 1461 881 1518 erant
901 1455 991 1520 visae
1012 1460 1163 1538 tempore,
1186 1473 1206 1517 a

174 1557 263 1622 litore
285 1557 496 1623 discesserant
517 1577 557 1621 ac
578 1577 614 1622 se
635 1557 669 1622 in
690 1557 853 1641 superiora
873 1557 943 1622 loca
963 1555 1161 1621 abdiderant.

275 1661 333 1724 IX.
368 1661 486 1725 (laesor
500 1660 645 1744 exposito
660 1659 801 1724 exercitu
815 1666 848 1723 et
869 1660 937 1724 loco
959 1659 1070 1723 castris
1093 1657 1205 1724 idoneo
1226 1683 1237 1726 1

174 1769 275 1847 capto,
308 1763 365 1828 ubi
397 1783 439 1827 ex
469 1762 603 1848 captivis
630 1762 785 1846 cognovit,
819 1782 881 1844 quo
910 1762 943 1825 in
972 1761 1040 1826 loco
1068 1760 1205 1825 hostium

174 1866 283 1950 copiae
312 1864 538 1947 consedissent,
569 1863 749 1930 cohortibus
778 1863 888 1928 decem
909 1863 952 1926 ad
973 1883 1061 1928 mare
1089 1863 1205 1928 relictis

174 1975 206 2033 et
228 1968 385 2052 equitibus
413 1969 571 2050 trecentis,
599 1968 653 2051 qui
682 1965 839 2051 praesidio
868 1965 1004 2030 navibus
1026 1971 1141 2048 essent,
1164 1964 1205 2030 de

173 2071 267 2136 tertia
287 2071 398 2154 vigilia
418 2069 461 2135 ad
482 2069 590 2136 hostes
612 2068 784 2153 contendit,
808 2088 845 2134 oo
867 2069 971 2134 minus
985 2068 1105 2134 veritus
1119 2069 1205 2133 navi-

174 2173 242 2257 bus,
266 2173 350 2256 quod
378 2174 413 2238 in
441 2173 532 2238 litore
558 2173 644 2238 molli
665 2179 761 2256 atque
781 2178 890 2257 aperto
913 2171 1068 2256 deligatas
1089 2171 1132 2236 ad
1152 2192 1205 2238 an·

174 2295 262 2341 coras
297 2276 504 2359 relinquebat.
558 2276 588 2340 ei
624 2275 782 2361 praesidio
819 2276 1016 2359 naribusque
1054 2273 1205 2352 Quintum

173 2379 296 2443 Atrium
317 2378 481 2463 praefecit.
527 2379 596 2462 ipse
617 2385 712 2444 noctu
742 2397 926 2463 progressus
948 2379 1036 2444 milia
1056 2398 1205 2463 passuum
1222 2399 1237 2446 s

174 2482 294 2546 circiter
316 2482 381 2546 XII
402 2480 540 2546 hostium
561 2481 668 2564 copias
690 2482 889 2565 conspicatus
911 2487 968 2546 est.
998 2481 1043 2546 illi
1066 2482 1238 2564 equitatus

173 2591 267 2666 atque
279 2583 399 2649 essedis
410 2583 453 2648 ad
466 2583 584 2648 flumen
599 2585 810 2668 progressior
826 2585 893 2649 loco
908 2584 1068 2668 superiore
1083 2590 1204 2648 nostros

173 2686 339 2770 prohibere
362 2691 394 2750 et
415 2686 569 2770 proelium
592 2686 785 2751 committere
807 2693 986 2771 coeperunt.
1024 2685 1141 2768 repulsi
1162 2684 1203 2749 ab
1222 2707 1238 2752 u

173 2789 314 2872 equitatu
344 2809 379 2854 sc
407 2789 440 2853 in
473 2788 569 2854 silvas
598 2787 796 2873 abdiderunt,
824 2789 926 2853 locum
959 2787 1044 2852 nacti
1077 2787 1204 2870 egregie

173 2899 205 2956 et
233 2898 346 2956 natura
375 2898 407 2956 ct
436 2910 530 2975 opere
559 2891 723 2973 munitum,
754 2911 848 2974 quem
873 2889 1037 2956 domestici
1062 2889 1146 2972 belli,
1170 2895 1204 2954 ut

173 2993 371 3078 videbantur,
395 3013 491 3060 causa
513 2994 576 3058 iam
591 2999 666 3058 ante
687 2997 966 3077 praeparaverant3
989 3013 1064 3056 nam
1086 2992 1203 3058 crebris
1221 3015 1236 3060 o

173 3097 337 3162 arboribus
360 3096 488 3163 succisis
511 3115 621 3162 omnes
642 3095 787 3161 introitus
815 3102 904 3160 erunt
931 3095 1095 3180 praeclusi.
1141 3095 1201 3180 ipsi
1221 3115 1235 3164 o

173 3219 215 3264 cx
237 3199 325 3265 silvis
347 3200 410 3264 rari
432 3198 676 3284 propugnabant
698 3204 881 3282 nostrosque
903 3199 986 3263 intra
1015 3198 1203 3265 munitiones

173 3301 296 3386 ingredi
317 3302 537 3386 prohibebant.
583 3307 616 3365 at
637 3301 752 3366 milites
774 3301 908 3386 legionis
930 3301 1083 3386 septimae
1109 3309 1235 3370 testu-r

173 3405 246 3469 dine
268 3405 354 3469 facta
376 3411 408 3468 et
429 3424 547 3487 aggere
570 3402 611 3466 ad
633 3403 823 3469 munitiones
845 3403 968 3470 adiecto
991 3405 1093 3470 locum
1115 3425 1203 3490 cepe-

172 3513 244 3572 runt
267 3527 382 3589 eosque
406 3526 446 3571 cx
470 3506 558 3571 silvis
574 3506 762 3589 expulerunt
776 3507 885 3590 paucis
899 3507 1080 3574 vulneribus
1094 3527 1203 3592 aceep-

172 3610 221 3674 tis.
267 3609 324 3674 scd
354 3629 407 3674 eos
437 3608 595 3691 fugientes
625 3608 748 3692 longius
777 3609 893 3675 Caesar·
922 3611 1070 3694 prosequi
1092 3609 1235 3694 vetuitus

173 3718 204 3776 et
219 3712 303 3795 quod
317 3712 378 3777 loci
393 3718 538 3776 naturam
553 3711 728 3794 ignorabat,
745 3716 777 3775 et
792 3712 875 3794 quod
897 3731 1013 3794 magna
1034 3717 1124 3796 parte
1139 3711 1202 3778 diei

173 3822 357 3899 consumpta
379 3813 545 3879 munitioni
568 3818 738 3877 castrorum
760 3819 883 3896 tempus
910 3813 1042 3896 relinqui
1065 3813 1200 3880 volebat.
