2966 4196
425 189 534 245 COMbl.
547 189 582 244 V.
600 189 682 244 cAP.
696 189 962 245 xmx-xam.
1150 176 1212 240 105

177 383 254 430 rone
281 363 455 446 habebant,
485 361 619 445 colloqui
650 382 721 429 sese
742 363 826 429 velle
856 362 974 430 dicunt.
1019 363 1105 431 iacta
1126 371 1245 449 pote-a

177 474 259 534 state
288 466 410 550 eadem,
442 485 523 550 quae
545 465 711 532 Ambiorix
741 488 813 533 cum
834 468 955 534 'litorio
986 476 1103 554 egerat,
1131 489 1211 535 com-

177 575 367 636 memorant:
400 588 526 635 omnem
560 588 630 635 esse
663 569 697 634 in
730 571 827 636 armis
857 571 1007 656 Galliam3
1037 571 1245 640 Germanosc

176 673 515 757 Rhenum'tranrisse3
544 671 690 739 Caesaris
715 672 970 756 reliquorumque
996 674 1131 741 hiberna
1159 695 1210 760 op·

19 809 20 814 1
117 838 120 842 .
177 777 320 862 pugnari.
365 775 489 841 addunt
519 776 615 842 etiam
644 774 685 841 de
715 776 826 843 Sabini
855 783 969 863 morte;
992 777 1244 862 Ambiorigem

177 886 337 946 ostentant
365 878 441 944 fidei
469 878 636 945 faciendae
666 898 770 944 causa.
816 899 920 944 errare
950 899 1004 946 eos
1034 879 1152 964 dicunt,
1183 881 1244 951 sis

177 984 345 1066 quicquam
367 982 408 1048 ab
431 981 481 1048 his
502 981 654 1067 praesidii
676 987 813 1067 sperent,
842 981 895 1065 qui
922 982 987 1050 suis
1013 983 1108 1050 rebus
1130 982 1210 1048 diffi-

177 1086 268 1171 dant;
298 1105 368 1151 sese
398 1092 506 1150 tamen
535 1084 595 1151 boc
626 1105 696 1151 esse
724 1085 758 1150 in
783 1085 966 1152 Ciceronem
994 1087 1210 1172 populumque

176 1192 354 1256 Romanum
380 1189 495 1272 animo,
523 1195 558 1254 ut
584 1188 663 1253 nihil
689 1188 750 1254 nisi
776 1188 911 1254 hiberna
936 1195 1083 1256 recusent
1113 1196 1210 1273 atque

176 1293 260 1358 hane
280 1293 511 1358 inveterascere
534 1291 793 1357 consuetudinem
815 1291 930 1377 nolint;
953 1293 1048 1358 licere
1075 1293 1138 1359 illis
1164 1294 1243 1364 ine

178 1396 351 1462 oolumibus
372 1415 429 1481 per
451 1415 486 1461 se
509 1415 550 1460 ex
572 1394 714 1460 hibernis
737 1393 899 1460 discedere
923 1401 963 1478 et,
996 1416 1209 1479 quascumque

176 1501 209 1565 in
236 1505 342 1583 partes
365 1499 474 1581 velint,
501 1498 570 1564 sine
597 1504 683 1563 metu
709 1497 873 1582 proficisci.
920 1498 1029 1564 Cicero
1056 1499 1099 1563 ad
1128 1500 1242 1569 baeer

177 1624 274 1668 unum
301 1601 394 1667 modo
420 1599 595 1686 respondit:
623 1621 686 1666 non
714 1620 784 1666 esse
811 1601 1071 1667 consuetudinem
1101 1603 1209 1687 populi

177 1705 311 1772 Romani
339 1705 483 1790 accipere
512 1704 553 1769 ab
583 1704 673 1770 hoste
701 1709 822 1768 armato
852 1703 1082 1770 condicionem:
1113 1705 1140 1771 si
1166 1708 1243 1775 aba

176 1810 272 1875 armis
294 1807 456 1874 discedere
471 1807 580 1891 velint,
604 1827 638 1872 se
660 1806 802 1871 adiutore
817 1812 944 1871 utantur
958 1808 1144 1891 legatosque
1165 1808 1209 1874 ad

178 1913 347 1978 Gaesarem
369 1910 510 1995 mittant3
533 1929 660 1995 sperare
682 1930 739 1994 pro
762 1909 830 1974 eius
852 1909 981 1993 iustitia,
1005 1929 1087 1992 quae
1112 1913 1208 1995 petie

177 2015 249 2099 rint,
273 2015 503 2097 impetraturos.

279 2119 379 2183 XLII.
410 2118 460 2182 Ab
483 2116 543 2182 bac
564 2137 621 2200 spe
643 2115 760 2200 repulsi
782 2115 893 2180 Nervii
915 2117 998 2181 vallo
1020 2115 1137 2200 pedum
1160 2118 1209 2182 IX
1228 2139 1239 2186 1

178 2228 210 2288 et
234 2221 321 2287 fossa
345 2218 462 2304 pedum
489 2220 550 2284 XV
572 2219 705 2284 hiberna
731 2217 871 2302 cingunt.
916 2218 996 2284 haec
1019 2225 1051 2284 et
1073 2220 1242 2305 superios

176 2345 246 2390 rum
278 2343 432 2388 annorum
465 2321 690 2388 consuetudine
721 2322 762 2386 ab
796 2322 888 2387 nobis
922 2330 1137 2406 cognoverant
1166 2330 1208 2408 et,

177 2447 255 2510 quos
277 2426 317 2492 de
340 2425 480 2491 exercitu
502 2424 664 2490 habebant
686 2424 839 2509 captivos,
866 2427 906 2490 ab
927 2424 977 2490 his
1000 2423 1208 2512 docebantur;

176 2529 234 2596 sed
255 2529 343 2595 nulla
363 2527 622 2602 ferramentorum
644 2527 744 2612 copia,
768 2547 849 2610 quae
864 2534 948 2593 esset
961 2526 1005 2592 ad
1019 2527 1103 2593 hunc
1117 2549 1209 2594 usum
1227 2551 1243 2598 a

176 2633 300 2716 idonea,
328 2630 442 2715 gladiis
469 2631 624 2714 caespites
650 2628 881 2711 circumcidere,
909 2629 1056 2695 manibus
1079 2631 1208 2714 sagulis-

177 2755 239 2820 que
268 2742 384 2800 terram
415 2733 581 2798 exhaurire
611 2733 814 2816 cogebantur.
859 2752 923 2814 qua
951 2731 1080 2814 quidem
1103 2754 1145 2799 ex
1174 2755 1242 2804 ret

176 2839 339 2905 hominum
368 2835 534 2902 multitudo
565 2835 711 2921 cognosci
740 2835 868 2920 potuita
883 2856 958 2900 nam
989 2835 1095 2902 minus
1124 2836 1208 2903 horis

176 2942 277 3008 tribus
303 2941 424 3006 milium
450 2959 600 3024 passuum
622 2939 684 3004 XV
705 2939 739 3003 in
762 2938 892 3004 circuitu
913 2938 1120 3005 munitionem
1142 2960 1209 3024 per·

177 3045 328 3134 fecerunt,
352 3043 542 3127 reliquisque
571 3041 684 3108 diebus
714 3049 815 3107 turres
837 3041 879 3106 ad
901 3041 1100 3126 altitudinem
1122 3042 1242 3126 vallio

177 3148 275 3214 falces
294 3146 540 3230 testudinesque,
564 3165 643 3229 quas
656 3143 754 3210 iidem
769 3145 887 3230 captivi
902 3144 1082 3230 docuerant,
1098 3166 1210 3231 parare

176 3272 215 3316 ac
237 3252 342 3316 iacere
365 3255 544 3335 coeperunt.

279 3355 397 3419 XLIII.
442 3354 582 3438 Septimo
604 3351 848 3437 oppugnationis
870 3351 922 3417 die
945 3353 1084 3419 maximo
1107 3360 1210 3419 coorto
1230 3373 1242 3420 1

176 3464 272 3524 rento
295 3458 455 3523 ferventes
477 3456 563 3522 fusili
585 3475 626 3520 cx
648 3455 761 3540 argilla
782 3454 916 3540 glandes
930 3455 1038 3522 fundis
1057 3463 1089 3522 et
1111 3457 1210 3522 ferve-

177 3562 263 3628 facta
283 3562 386 3627 iacula
408 3561 440 3625 in
461 3580 560 3644 casas,
584 3580 665 3642 quae
687 3580 774 3625 more
790 3559 909 3626 Gallico
925 3559 1104 3626 stramentis
1120 3565 1210 3624 erant

177 3671 289 3750 tectae,
319 3665 423 3730 iacere
453 3669 631 3747 coeperunt.
677 3662 738 3728 hae
768 3662 910 3728 celeriter
939 3663 1046 3746 ignem
1073 3681 1243 3745 compre-a

178 3767 354 3834 henderunt
377 3774 408 3833 et
423 3766 510 3832 renti
533 3764 751 3850 magnitudine
774 3765 807 3830 in
830 3784 955 3830 omnem
976 3764 1079 3829 locum
1099 3770 1211 3829 castro·
