2936 4192
443 240 551 296 COMM.
566 241 587 294 l.
607 241 689 297 OAP.
703 241 875 296 XL-XLII.
1134 227 1175 293 25

139 421 174 480 ot
190 434 285 497 quam
301 413 436 498 primum
451 413 633 498 intellegere
648 421 765 498 posset,
785 421 887 480 utrum
907 415 993 500 apud
1008 437 1060 482 eos
1076 416 1176 501 pudor

137 524 236 601 atque
259 516 397 582 officium
419 537 461 582 an
476 517 568 582 timor
588 517 716 583 valeret.
755 518 839 600 quod
858 519 886 584 si
905 526 1068 603 praeterea
1083 540 1175 586 nemo
1196 540 1226 588 ro

137 627 299 705 sequatur,
327 625 433 685 tamen
455 639 490 686 se
512 640 583 685 cum
606 621 673 686 sola
695 619 819 686 decima
840 622 966 706 legione
988 623 1111 708 iturum,
1135 621 1175 688 de

139 745 203 807 qua
218 743 281 790 non
297 722 464 806 dubitaret,
485 723 607 806 sibique
628 744 697 789 eam
713 725 901 808 praetoriam
923 725 1081 791 cohortem
1096 725 1175 791 futu·

138 849 216 892 ram.
248 825 321 892 huic
339 826 457 910 legioni
474 826 589 892 Caesar
610 833 642 892 et
660 826 833 893 indulserat
851 829 1019 914 praecipue
1039 835 1070 894 et
1086 849 1175 914 prop-

139 937 187 995 ter
210 930 359 996 virtutem
382 929 561 995 confidebat
583 930 730 996 maxime.

243 1033 328 1099 XLI.
356 1033 425 1098 Hac
451 1033 590 1098 oratione
617 1033 726 1098 habita
753 1035 865 1099 mirum
892 1034 925 1100 in
952 1034 1078 1101 modum
1105 1055 1206 1102 con-1

139 1157 251 1204 versae
275 1141 348 1202 sunt
370 1136 509 1201 omnium
532 1143 655 1203 mentes
674 1157 859 1226 summaque
878 1139 1024 1204 alacritas
1045 1145 1077 1204 et
1092 1139 1174 1223 cupi-

137 1241 223 1306 ditas
247 1240 321 1306 belli
343 1239 475 1323 gerendi
497 1240 613 1306 iniecta
636 1247 692 1324 est,
715 1241 924 1327 princepsque
947 1242 1070 1308 decima
1091 1243 1207 1327 legion

139 1365 196 1430 per
219 1343 361 1409 tribunos
381 1342 514 1408 militum
535 1344 564 1408 ei
582 1344 701 1428 gratias
721 1346 795 1429 egit,
819 1345 902 1428 quod
918 1344 958 1411 de
973 1365 1007 1411 se
1022 1347 1174 1430 optimum

136 1448 290 1514 iudicium
312 1447 449 1530 fecisset,
477 1467 573 1530 seque
596 1468 665 1514 esse
687 1449 729 1514 ad
752 1449 868 1514 bellum
891 1449 1063 1533 gerendum
1086 1439 1174 1534 para-

137 1553 294 1619 tissimam
317 1549 522 1615 confirmavit.
569 1550 683 1616 deinde
705 1552 845 1634 reliquae
868 1553 1008 1637 legiones
1031 1573 1101 1618 cnm
1124 1552 1206 1622 tri-a

140 1656 234 1721 bunis
249 1654 382 1719 militum
397 1659 429 1719 et
444 1655 612 1739 primorum
628 1654 770 1720 ordinum
783 1654 1016 1722 centurionibus
1031 1663 1172 1741 egerunt,

138 1759 186 1824 ati
218 1757 345 1825 Caesari
375 1756 606 1823 satisfacerent:
637 1777 672 1823 se
702 1778 804 1841 neque
833 1779 982 1842 umquam
1012 1759 1173 1824 dubitasse

137 1881 245 1945 neque
271 1860 421 1944 timuisse,
449 1879 551 1942 neque
579 1859 619 1926 de
646 1881 768 1926 summa
794 1862 869 1927 belli
896 1882 986 1927 suum
1012 1862 1170 1947 iudicium,

137 1965 198 2033 sed
225 1964 420 2049 imperatoris
447 1983 515 2030 esse
543 1965 783 2031 existimavisse.
830 1985 935 2031 eorum
958 1965 1206 2034 satisfactiones

136 2075 271 2154 accepta
287 2075 318 2132 et
332 2068 444 2133 itinere
459 2068 615 2150 exquisito
630 2089 686 2152 per
701 2069 901 2154 Divitiacum,
919 2069 1002 2153 quod
1018 2091 1058 2135 ex
1074 2069 1172 2136 Gallis

138 2175 170 2240 ei
193 2171 366 2238 maximam
388 2170 483 2236 fidem
506 2171 653 2256 habebat,
677 2179 712 2236 ut
730 2173 849 2238 milium
869 2173 1003 2259 amplius
1023 2175 1172 2257 quinqua-

136 2278 230 2361 ginta
252 2275 382 2340 circuitu
404 2275 479 2340 locis
501 2275 618 2359 apertis
641 2276 813 2341 exercitum
837 2277 974 2362 duceret,
999 2277 1038 2343 de
1061 2284 1173 2360 quarta
1277 2262 1279 2266 ¹

139 2379 260 2465 vigilia,
283 2386 318 2444 ut
339 2377 472 2461 dixerat,
496 2378 653 2462 profectus
676 2386 732 2448 est.
779 2381 912 2464 septimo
935 2381 995 2465 die,
1020 2401 1090 2446 cum
1113 2382 1206 2448 itero

139 2505 204 2549 oon
235 2481 464 2565 intermitteret,
495 2481 536 2546 ab
567 2482 817 2566 exploratoribus
848 2484 959 2549 certior
985 2483 1086 2550 factus
1114 2491 1171 2568 est,

138 2587 290 2653 Ariovisti
321 2585 426 2669 copias
452 2605 473 2649 a
499 2585 614 2650 nostris
640 2585 766 2650 milibus
793 2605 940 2669 passuum
969 2593 1114 2669 quattuor
1141 2595 1173 2652 et

137 2691 204 2756 XX
225 2691 346 2755 abesse.

244 2793 342 2858 XLII.
376 2791 507 2876 Cognito
539 2793 681 2858 Caesaris
714 2792 853 2857 adventu
880 2791 1055 2858 Ariovistus
1088 2793 1204 2876 lega-1

138 2905 189 2963 tos
215 2897 257 2961 ad
280 2917 350 2961 eum
373 2895 481 2960 mittit:
510 2895 593 2978 quod
619 2901 714 2960 antea
736 2895 776 2960 de
799 2895 950 2978 colloquio
973 2895 1170 2980 postulasset,

136 3000 173 3066 id
195 3021 251 3085 per
273 3020 307 3066 se
329 2999 397 3064 fieri
418 3000 522 3083 licere,
546 2999 693 3082 quoniam
717 2998 844 3083 propius
858 2999 1050 3084 accessisset,
1074 3019 1171 3082 seque

137 3104 173 3169 id
202 3105 271 3171 sine
299 3104 436 3188 periculo
466 3102 570 3169 iacere
599 3122 691 3186 posse
721 3102 910 3168 existimare.
960 3121 1023 3168 non
1052 3102 1203 3186 respuite

137 3207 355 3272 condicionem
383 3207 508 3290 Caesar,
539 3206 665 3288 iamque
695 3225 766 3270 eum
794 3204 834 3269 ad
862 3206 1028 3270 sanitatem
1055 3205 1169 3271 reverti

136 3311 358 3394 arbitrabatur,
383 3331 453 3374 cum
468 3309 510 3393 id,
534 3308 622 3391 quod,
632 3315 727 3374 antea
741 3308 861 3393 petenti
876 3307 1072 3392 denegasset,
1090 3309 1170 3374 ultro

139 3415 345 3498 polliceretur,
366 3433 576 3496 magnamque
595 3411 628 3478 in
644 3432 732 3497 spem
748 3410 905 3495 veniebat,
922 3431 978 3494 pro
993 3411 1057 3476 suis
1073 3412 1169 3477 tantis
1188 3434 1202 3479 a

139 3517 308 3602 populique
327 3516 460 3581 Romani
479 3515 512 3579 in
536 3535 607 3580 eum
630 3514 801 3597 beneficiis,
825 3514 959 3598 cognitis
980 3513 1044 3579 suis
1067 3522 1169 3598 postu·

140 3621 211 3686 latis
234 3619 309 3703 fore,
333 3617 378 3683 uti
401 3617 573 3702 pertinacia
595 3617 769 3682 desisteret.
808 3616 877 3682 dies
893 3616 1043 3699 colloquio
1067 3617 1168 3683 dictus

141 3731 188 3790 est
211 3743 252 3788 ex
274 3742 311 3788 eo
333 3728 385 3786 die
408 3727 542 3804 quintus.
581 3731 706 3786 interim
722 3739 817 3804 saepe
837 3734 916 3784 ultro
937 3715 1075 3802 citroque
1098 3741 1201 3787 cumr

12 3908 16 3915 Ι
140 3827 236 3914 legati
264 3825 346 3890 inter
376 3844 429 3890 eos
459 3823 667 3903 mitterentur,
702 3823 877 3888 Ariovistus
910 3823 1092 3906 postularit,
1127 3843 1167 3886 ne
1268 3891 1270 3897 ,
