2936 4192
435 211 541 266 court.
554 213 576 266 l.
595 212 685 268 CAR
695 214 911 268 XLII-XLIV.
1138 201 1187 289 ,27

152 383 249 449 modo
278 384 325 449 sui
353 373 430 450 nihil
460 384 641 470 deperdere,
669 385 726 452 sed
748 387 860 470 gratia,
885 387 1049 472 dignitate,
1073 387 1190 454 honore

153 488 312 552 auctiores
335 488 412 552 velit
435 507 518 572 esse;
543 487 625 570 quod
648 508 722 554 vero
744 489 786 552 ad
809 490 980 554 amicitiam
1003 490 1110 575 populi
1133 489 1216 556 Ro'

154 591 242 654 mani
264 590 453 674 attulissent,
477 591 510 654 id
532 591 572 656 iis
595 591 671 675 eripi
696 591 765 673 quis
788 592 854 676 pati
870 593 998 677 posset?
1020 594 1224 677 postulavite

154 693 272 759 deiude
295 693 417 779 eadem,
441 714 522 776 quae
545 695 658 778 legatis
681 695 713 759 in
737 696 896 762 mandatis
911 696 1054 762 dederat:
1081 717 1122 762 ne
1137 705 1191 762 aut

153 796 275 862 Aeduis
291 803 346 861 aut
361 817 466 862 eorum
483 797 576 863 sociis
591 797 708 862 bellum
724 797 869 883 inferret;
889 799 1016 866 obsides
1029 799 1189 884 ,redderet3

154 900 182 966 si
205 901 324 965 nullam
347 907 468 985 partem
494 901 719 966 Germanorum
744 901 869 968 domum
893 903 1051 968 remittere
1074 910 1189 986 posset,

154 1011 251 1069 atne
275 1024 353 1086 quos
374 1005 510 1089 amplius
532 1003 677 1069 Rhenum
701 1004 834 1070 transire
848 1013 1032 1089 pateream·

68 1093 73 1100 ”
258 1107 371 1172 XLIV.
400 1107 576 1172 Ariovistus
604 1107 646 1172 ad
673 1109 830 1192 postulata
853 1107 997 1174 Caesaris
1020 1129 1121 1192 pauca
1142 1130 1220 1177 rer

155 1209 292 1294 spondit,
323 1209 362 1276 de
395 1210 459 1276 suis
486 1211 654 1276 virtutibus
679 1211 781 1276 multa
802 1211 1011 1295 praedicavit:
1039 1213 1222 1281 transisses
1342 1303 1344 1312 Ι

154 1313 301 1378 Rhenum
324 1333 393 1378 rese
416 1333 478 1379 nou
502 1333 560 1378 sua
575 1319 695 1398 sponte,
720 1312 776 1378 sed
790 1321 934 1398 rogatum
955 1321 987 1379 et
1005 1316 1186 1381 arcessitum

154 1436 175 1480 a
189 1416 303 1501 Gallis3
326 1437 388 1482 non
404 1416 473 1482 sine
489 1437 606 1500 magna
621 1437 677 1500 spe
692 1417 879 1501 magnisque
898 1417 1046 1502 praemiis
1061 1418 1187 1485 domum

154 1519 408 1604 propinquosque
430 1520 608 1604 rchquisse;
632 1519 724 1596 sedes
739 1519 856 1584 hahere
871 1520 903 1585 in
922 1521 1024 1586 Gallia
1046 1522 1087 1586 ab
1110 1522 1187 1606 ipsis
1219 1600 1222 1610 ,

154 1643 330 1707 concessas,
361 1621 487 1689 obsides
517 1623 654 1706 ipsorum
678 1623 839 1687 voluntate
862 1623 966 1706 dat0s;
995 1625 1185 1707 stipendium

154 1747 268 1810 capere
283 1726 349 1791 iure
364 1725 450 1808 belli,
468 1726 550 1808 quod
566 1726 699 1790 victores
716 1725 807 1790 victis
821 1725 983 1816 imponere
998 1727 1184 1792 consuerint.

155 1851 217 1895 non
241 1832 310 1895 sese
333 1829 441 1912 Gallis,
465 1829 526 1894 sed«
545 1829 652 1894 Gallos
674 1828 734 1894 sihi
757 1828 874 1893 bellum
896 1829 1054 1894 intulisse:
1071 1826 1219 1898 hmnesa

155 1932 277 1998 Galliae
304 1933 448 2014 civitates
474 1932 517 1997 ad
545 1953 579 1998 se
601 1930 848 2016 oppugnandum
872 1931 996 1996 venisse
1018 1951 1056 1996 ac
1079 1939 1186 1997 contra

154 2057 189 2101 se
216 2042 319 2101 castra
345 2035 508 2118 habuisse;
530 2055 590 2100 eas
617 2021 731 2100 omues
753 2033 859 2118 copias
885 2055 906 2099 a
928 2055 961 2129 se
984 2055 1046 2100 uno
1068 2035 1185 2120 proelio

154 2140 261 2224 prdsas
286 2159 324 2203 ac
351 2145 514 2223 superatas
537 2157 614 2203 esse.
661 2137 826 2218 si„iterum
854 2139 989 2236 experiri
1012 2138 1120 2223 velint,
1151 2159 1218 2207 ser

153 2243 266 2308 iterum
282 2249 425 2326 paratum
442 2262 510 2307 esse
527 2241 701 2325 decertare;
723 2241 750 2306 si
765 2261 843 2325 pace
858 2242 903 2306 uti
919 2241 1027 2325 velint,
1042 2241 1184 2324 iniquum

154 2365 224 2412 esse
255 2344 294 2409 de
324 2344 480 2428 stipendio
511 2335 664 2426 recusare,
696 2343 779 2426 quod
811 2364 868 2409 sua
890 2345 1051 2409 voluntate
1081 2345 1121 2409 ad
1151 2345 1184 2409 id

90 2433 95 2439 ’
154 2457 283 2533 tempus«
308 2447 525 2533 pependerint.
570 2446 741 2511 amicitiam
772 2434 878 2530 populi
902 2448 1034 2512 Romani
1058 2447 1117 2512 sibi
1140 2469 1217 2518 ors

153 2559 302 2617 nameuto
325 2558 357 2616 et
371 2549 538 2636 praesidio,
554 2570 617 2615 non
634 2549 821 2614 detrimento
837 2569 906 2616 esse
922 2557 1072 2633 oportere,
1088 2550 1184 2632 idque

153 2675 188 2720 se
211 2675 249 2720 ea
271 2674 327 2739 spe
342 2647 468 2740 petisse.
504 2653 530 2720 si
552 2673 608 2738 per
630 2654 779 2736 populum
794 2655 968 2718 Romanum
993 2653 1181 2736 stipendium

154 2759 329 2824 remittatur
352 2766 384 2823 et
406 2757 545 2822 dediticii
568 2755 800 2840 subtrahantur,
829 2776 891 2820 non
920 2755 1022 2820 miuus
1048 2756 1183 2820 libenter

154 2881 223 2927 sese
245 2867 457 2926 recusaturum
480 2859 586 2944 populi
610 2858 743 2924 Romani
766 2858 945 2941 amicitiam,
974 2879 1067 2940 quam
1089 2881 1183 2945 appe-

154 2965 245 3030 tierit.
292 2963 375 3047 quod
398 2962 629 3028 multitudinem
653 2962 879 3027 Germanorum
902 2961 933 3024 in
963 2959 1096 3026 Galliam
1124 2969 1215 3032 tra-e

153 2957 262 3151 (lueret2
286 3066 320 3131 id
341 3086 376 3132 se
410 3065 458 3132 sui
491 3063 662 3145 muniendi,
699 3084 760 3129 non
795 3064 915 3129 Galliae
948 3064 1182 3148 impugnandae

153 3191 248 3236 causa
269 3170 387 3234 facere:
411 3168 477 3233 eius
497 3167 542 3232 rei
558 3167 769 3232 testimonium
787 3187 864 3249 esse,
882 3165 964 3248 quod
979 3167 1040 3231 nisi
1054 3175 1181 3250 rogatus

34 3277 37 3282 '
152 3293 214 3339 non
232 3273 353 3337 venerit
368 3278 400 3336 et
415 3270 496 3353 quod
520 3271 636 3334 bellum
660 3290 720 3334 nou
746 3269 893 3353 intulerit,
917 3269 972 3334 sed
996 3269 1178 3334 defenderit.

153 3396 187 3442 se
213 3377 299 3460 prius
325 3375 358 3438 iu
382 3373 515 3440 Galliam
544 3373 668 3438 venisse
699 3392 792 3453 quam
820 3372 968 3456 populum
994 3373 1213 3442 Romanumr

153 3500 322 3562 numquam
352 3484 427 3542 ante
456 3476 515 3541 hoc
548 3483 671 3559 tempus
705 3474 874 3540 exercitum
908 3475 1014 3558 populi
1047 3477 1178 3540 Romani

153 3583 273 3649 Galliae
303 3580 484 3666 provinciae
513 3577 629 3643 finibus
658 3597 827 3662 egressum.
866 3577 941 3660 quid
972 3577 1033 3642 sihi
1062 3580 1213 3649 velletis

152 3707 205 3750 cur
227 3685 260 3750 in
283 3703 357 3750 suas
378 3680 592 3766 possessiones
611 3681 755 3746 venerit?
778 3680 970 3763 provinciam
987 3701 1074 3746 suam
1098 3682 1179 3746 hanc

151 3809 221 3854 osse
248 3785 393 3869 Galliam,
420 3783 501 3850 sicut
526 3783 613 3848 illam
640 3788 786 3847 nostram.
822 3789 856 3845 ut
882 3782 942 3864 ipsi
965 3782 1092 3846 concedi
1115 3803 1176 3847 non
