2952 4174
310 255 353 319 30
439 231 446 246 ⁵
648 271 697 326 na
715 271 831 327 annuo
849 270 1010 327 eunuco

276 465 288 511 r
412 445 557 510 XLVHl.
581 444 701 510 Eodem
722 444 773 509 die
796 451 898 510 eastra
912 444 1068 530 promovit
1083 451 1115 510 et
1131 444 1257 510 milibus
1272 465 1341 529 pas-

273 568 290 614 a
309 567 399 612 suum
423 567 480 612 sex
495 568 515 612 a
531 547 676 614 ansa1is
692 547 801 613 castris
818 547 875 612 sub
892 555 998 612 monte
1013 546 1163 613 consedit.
1190 547 1341 632 postridie

308 651 375 715 eius
398 649 461 714 diei
483 657 608 734 praeter
631 657 733 715 castra
756 650 900 715 Caesaris
923 671 996 716 suas
1018 651 1124 735 copias
1147 651 1287 715 traduxit
1310 661 1342 716 et

308 753 435 820 milibus
465 774 615 839 passuum
643 753 765 819 duobus
786 754 868 819 ultra
892 774 962 819 eum
987 761 1090 820 castra
1111 754 1188 819 lecit
1211 775 1248 819 eo
1272 775 1341 819 oon-

308 856 386 941 silio,
417 857 463 922 uti
493 856 649 922 frumento
680 862 929 941 commeatuque,
964 858 1018 940 qui
1049 879 1089 923 ex
1119 857 1275 940 Sequanis
1310 866 1342 922 et

271 960 425 1028 aAeduis
447 966 690 1045 supportaretur,
713 960 879 1026 Gaesarem
903 960 1132 1026 intercluderet.
1165 982 1206 1026 ex
1229 981 1266 1026 eo
1289 961 1341 1026 die

308 1063 375 1129 dies
405 1065 569 1129 continuos
599 1063 737 1146 quinque
768 1063 885 1129 Caesar
915 1084 971 1148 pro
994 1065 1103 1129 castris
1133 1085 1206 1130 suas
1234 1065 1341 1149 copias
1411 1083 1414 1090 ·

307 1166 456 1251 produxit
483 1173 514 1231 et
540 1166 641 1231 aciem
668 1167 853 1232 instructam
876 1166 996 1252 habuit,
1019 1175 1063 1250 ut,
1087 1169 1113 1233 si
1137 1169 1233 1232 vellet
1254 1168 1341 1233 Ario

271 1271 407 1337 cristus
428 1269 545 1353 proelio
568 1268 767 1354 contendere,
791 1269 820 1334 ei
843 1275 983 1354 potestas
1005 1291 1068 1335 non
1091 1270 1224 1336 deesset.
1255 1272 1340 1336 Ario-

307 1373 407 1438 vistus
436 1372 485 1438 his
515 1372 660 1438 omnibus
690 1372 802 1437 diebus
832 1373 1005 1437 exereitum
1036 1375 1146 1439 castris
1177 1374 1339 1457 continuit,
1463 1419 1464 1422 ,

307 1476 443 1558 equestri
465 1477 582 1561 proelio
598 1475 712 1541 cotidie
727 1475 898 1540 contendit.
930 1495 1031 1560 genus
1045 1476 1105 1542 hoo
1120 1485 1188 1542 erat
1202 1498 1339 1562 pugnae,

269 1599 367 1661 equo
390 1599 425 1644 se
448 1578 597 1645 Germani
621 1585 836 1656 exercuerant.
883 1579 1022 1661 equitum
1046 1580 1132 1644 milia
1160 1587 1249 1645 erant
1271 1601 1338 1664 sex,

306 1682 435 1747 totidem
457 1701 587 1747 numero
609 1680 733 1766 pedites
747 1682 936 1747 velocissimi
959 1703 997 1747 ao
1011 1683 1182 1768 fortissimi,
1206 1705 1283 1766 quos
1299 1705 1338 1749 ex

306 1785 391 1851 omni
414 1786 504 1870 copia
526 1785 641 1869 singuli
657 1785 796 1869 singulos
812 1805 887 1850 suae
902 1786 1013 1850 salutis
1032 1806 1127 1851 causa
1146 1785 1336 1872 delegerant.

306 1909 376 1953 cum
398 1887 447 1954 his
469 1889 502 1953 in
525 1888 651 1973 proeliis
674 1889 894 1973 versabantnr;
917 1887 960 1953 ad
983 1909 1036 1954 eos
1060 1909 1094 1954 se
1117 1891 1238 1974 equites
1264 1891 1338 1955 reci-

269 1992 448 2075 spiebant:
479 1990 526 2075 hi,
557 1990 583 2056 si
613 1989 689 2073 quid
719 1996 786 2054 erat
817 1989 932 2075 durius,
964 1993 1199 2074 concurrebant,
1229 1995 1256 2059 si
1286 1994 1337 2077 qui

305 2094 449 2178 graviore
464 2095 593 2158 vulnere
613 2099 742 2176 accepto
766 2113 845 2175 equo
869 2093 1037 2177 deciderat,
1055 2095 1337 2181 circumsistebant,

270 2218 286 2265 r
305 2197 332 2262 si
356 2217 416 2280 quo
440 2203 507 2261 erat
526 2196 650 2279 longius
664 2195 882 2279 prodeundum
897 2203 952 2260 aut
967 2198 1098 2263 celerius
1112 2200 1336 2284 recipiendum,

305 2307 394 2364 tanta
413 2305 481 2364 erat
494 2298 604 2364 horum
621 2298 845 2364 exercitatione
864 2299 1016 2383 celeritas,
1035 2307 1071 2365 ut
1084 2301 1167 2367 iubis
1182 2304 1337 2368 sublevati
1450 2343 1466 2366 .t

306 2424 455 2486 equorum
479 2423 602 2469 cursum
625 2401 849 2483 adaequarent.

272 2529 285 2575 r
408 2507 523 2572 XLIX.
548 2505 611 2572 Ubi
627 2525 698 2570 enm
722 2505 832 2570 castris
851 2525 886 2570 se
909 2513 1016 2572 tenere
1033 2509 1149 2574 Caesar
1171 2509 1336 2592 intellexit,

305 2631 345 2676 ne
368 2609 484 2676 diutius
507 2615 681 2674 commeatu
704 2607 929 2692 prohiberetur,
953 2611 1034 2674 ultra
1050 2631 1120 2675 eum
1141 2612 1252 2695 locum,
1277 2632 1337 2695 quo

304 2714 337 2777 in
366 2714 433 2778 loco
457 2711 606 2778 Germani
637 2711 853 2794 consederant,
885 2712 1006 2778 circiter
1036 2733 1148 2797 passus
1170 2721 1337 2780 sexcentos

304 2816 345 2879 ab
368 2815 416 2897 iis,
440 2813 550 2879 castris
572 2813 719 2878 idoneum
741 2814 842 2878 locum
866 2814 984 2899 delegit
1005 2817 1136 2898 acieque
1158 2817 1272 2900 triplici
1293 2817 1337 2881 in·

268 2923 422 2986 astructa
443 2916 485 2981 ad
508 2937 579 2980 eum
601 2917 702 2981 locum
726 2917 822 2980 venit.
847 2919 979 3001 primam
1004 2927 1035 2983 et
1051 2919 1221 2984 secundam
1236 2920 1337 2984 aciem

268 3022 337 3089 aiu
359 3020 455 3086 armis
478 3039 556 3102 esse,
579 3019 703 3083 tertiam
727 3026 830 3084 castra
852 3021 974 3086 munire
997 3022 1096 3087 iussit.
1128 3022 1180 3086 hic
1194 3024 1281 3088 locus
1296 3023 1336 3087 ab

304 3123 394 3189 hoste
423 3122 545 3187 circiter
574 3141 685 3206 passus
715 3129 891 3206 sexcentos,
923 3124 968 3187 uti
996 3124 1113 3189 dictum
1137 3132 1193 3209 est,
1217 3127 1335 3190 aberat.

305 3247 341 3292 eo
365 3225 485 3291 circiter
506 3224 668 3289 hominum
691 3246 819 3290 numero
842 3225 980 3291 sedecim
995 3229 1083 3292 milia
1098 3227 1248 3312 expedita
1268 3249 1337 3294 cum

304 3329 389 3395 omni
412 3329 552 3411 equitatu
574 3328 751 3394 Ariovistus
774 3327 867 3410 misit,
892 3348 972 3409 quae
995 3331 1104 3415 copiae
1127 3336 1249 3396 nostros
1271 3351 1338 3415 per-

268 3455 286 3501 4
305 3439 458 3497 terrerent
481 3439 512 3497 et
534 3431 708 3496 munitione
730 3431 942 3514 prohiberent.
966 3432 1063 3498 nihilo
1086 3433 1188 3499 secius
1211 3434 1337 3517 Caesar,

305 3542 339 3599 ut
353 3542 428 3600 ante
443 3535 655 3618 constituerat,
673 3533 751 3598 duas
766 3533 852 3597 acies
867 3532 989 3598 hostem
1005 3537 1196 3620 propulsare,
1213 3537 1337 3600 tertiam

266 3658 383 3722 oopus
412 3638 562 3722 perficere
592 3637 691 3702 iussit.
737 3635 866 3700 munitis
897 3637 1006 3701 castris
1029 3638 1108 3704 duas
1129 3639 1183 3720 ibi,
1196 3640 1338 3722 legiones
1457 3651 1464 3662 ·

304 3742 430 3824 reliquit
453 3748 484 3805 et
506 3746 627 3824 partem
650 3739 847 3821 auxiliorum,
872 3746 1017 3820 quattuor
1031 3741 1168 3822 reliquas
1187 3741 1220 3804 in
1236 3750 1339 3806 castra

305 3845 424 3909 maiora
445 3843 579 3907 reduxit.
