<?xml version="1.0" encoding="UTF-8"?>
<!DOCTYPE html PUBLIC "-//W3C//DTD XHTML 1.0 Transitional//EN"
    "http://www.w3.org/TR/xhtml1/DTD/xhtml1-transitional.dtd">
<html xmlns="http://www.w3.org/1999/xhtml" xml:lang="en" lang="en">
 <head>
  <title>
</title>
<meta http-equiv="Content-Type" content="text/html;charset=utf-8" />
  <meta name='ocr-system' content='tesseract 3.04.00' />
  <meta name='ocr-capabilities' content='ocr_page ocr_carea ocr_par ocr_line ocrx_word'/>
</head>
<body>
  <div class='ocr_page' id='page_1' title='image "./commentariidebe00pramgoog_0225.png"; bbox 0 0 2960 4192; ppageno 0'>
   <div class='ocr_carea' id='block_1_1' title="bbox 263 263 958 336">
    <p class='ocr_par' dir='ltr' id='par_1_1' title="bbox 263 263 958 336">
     <span class='ocr_line' id='line_1_1' title="bbox 263 263 958 336; baseline 0.016 -11"><span class='ocrx_word' id='word_1_1' title='bbox 263 263 326 327; x_wconf 82' lang='lat'>210</span> <span class='ocrx_word' id='word_1_2' title='bbox 595 279 645 334; x_wconf 87' lang='lat' dir='ltr'>DE</span> <span class='ocrx_word' id='word_1_3' title='bbox 662 281 777 335; x_wconf 76' lang='lat' dir='ltr'>BELno</span> <span class='ocrx_word' id='word_1_4' title='bbox 796 280 958 336; x_wconf 82' lang='lat' dir='ltr'>GALLICO</span> 
     </span>
    </p>
   </div>
   <div class='ocr_carea' id='block_1_2' title="bbox 224 452 1331 3930">
    <p class='ocr_par' dir='ltr' id='par_1_2' title="bbox 260 452 1294 948">
     <span class='ocr_line' id='line_1_2' title="bbox 263 452 1294 538; baseline 0.002 -21"><span class='ocrx_word' id='word_1_5' title='bbox 263 452 384 517; x_wconf 88' lang='lat' dir='ltr'>civibus</span> <span class='ocrx_word' id='word_1_6' title='bbox 415 470 484 516; x_wconf 89' lang='lat' dir='ltr'>esse</span> <span class='ocrx_word' id='word_1_7' title='bbox 515 460 704 533; x_wconf 88' lang='lat' dir='ltr'>consuesset,</span> <span class='ocrx_word' id='word_1_8' title='bbox 734 471 776 517; x_wconf 91' lang='lat' dir='ltr'>ne</span> <span class='ocrx_word' id='word_1_9' title='bbox 806 453 937 518; x_wconf 89' lang='lat' dir='ltr'>consilia</span> <span class='ocrx_word' id='word_1_10' title='bbox 966 453 1040 518; x_wconf 92' lang='lat' dir='ltr'>belli</span> <span class='ocrx_word' id='word_1_11' title='bbox 1070 455 1294 538; x_wconf 82' lang='lat' dir='ltr'>quaerentibus</span> 
     </span>
     <span class='ocr_line' id='line_1_3' title="bbox 261 553 1294 640; baseline 0.003 -22"><span class='ocrx_word' id='word_1_12' title='bbox 261 561 370 619; x_wconf 80' lang='lat' dir='ltr'><strong>auctor</strong></span> <span class='ocrx_word' id='word_1_13' title='bbox 384 573 541 619; x_wconf 90' lang='lat' dir='ltr'>armorum</span> <span class='ocrx_word' id='word_1_14' title='bbox 556 553 683 637; x_wconf 82' lang='lat' dir='ltr'>duxque</span> <span class='ocrx_word' id='word_1_15' title='bbox 699 553 833 637; x_wconf 81' lang='lat' dir='ltr'>deesset,</span> <span class='ocrx_word' id='word_1_16' title='bbox 853 563 985 640; x_wconf 90' lang='lat' dir='ltr'>parente</span> <span class='ocrx_word' id='word_1_17' title='bbox 1000 558 1151 623; x_wconf 88' lang='lat' dir='ltr'>Romanis</span> <span class='ocrx_word' id='word_1_18' title='bbox 1167 558 1294 622; x_wconf 87' lang='lat' dir='ltr'>civitate</span> 
     </span>
     <span class='ocr_line' id='line_1_4' title="bbox 262 657 1294 742; baseline 0.004 -20"><span class='ocrx_word' id='word_1_19' title='bbox 262 677 333 722; x_wconf 89' lang='lat' dir='ltr'>oum</span> <span class='ocrx_word' id='word_1_20' title='bbox 355 657 420 721; x_wconf 89' lang='lat' dir='ltr'>suis</span> <span class='ocrx_word' id='word_1_21' title='bbox 443 657 599 740; x_wconf 88' lang='lat' dir='ltr'>equitibus</span> <span class='ocrx_word' id='word_1_22' title='bbox 624 658 796 723; x_wconf 84' lang='lat' dir='ltr'>latrociniis</span> <span class='ocrx_word' id='word_1_23' title='bbox 818 677 852 724; x_wconf 89' lang='lat' dir='ltr'>se</span> <span class='ocrx_word' id='word_1_24' title='bbox 875 679 1010 742; x_wconf 91' lang='lat' dir='ltr'>suosque</span> <span class='ocrx_word' id='word_1_25' title='bbox 1032 660 1138 726; x_wconf 89' lang='lat' dir='ltr'>alebat</span> <span class='ocrx_word' id='word_1_26' title='bbox 1159 661 1294 726; x_wconf 84' lang='lat' dir='ltr'>infestis·</span> 
     </span>
     <span class='ocr_line' id='line_1_5' title="bbox 262 759 1293 847; baseline 0.004 -23"><span class='ocrx_word' id='word_1_27' title='bbox 262 780 322 843; x_wconf 92' lang='lat' dir='ltr'>que</span> <span class='ocrx_word' id='word_1_28' title='bbox 345 759 510 826; x_wconf 82' lang='lat' dir='ltr'>itineribus</span> <span class='ocrx_word' id='word_1_29' title='bbox 526 768 717 825; x_wconf 74' lang='lat' dir='ltr'>commeatus</span> <span class='ocrx_word' id='word_1_30' title='bbox 740 761 924 845; x_wconf 80' lang='lat' dir='ltr'>complures,</span> <span class='ocrx_word' id='word_1_31' title='bbox 948 763 1002 845; x_wconf 90' lang='lat' dir='ltr'>qui</span> <span class='ocrx_word' id='word_1_32' title='bbox 1017 763 1293 847; x_wconf 79' lang='lat' dir='ltr'>comportabantur</span> 
     </span>
     <span class='ocr_line' id='line_1_6' title="bbox 260 862 941 948; baseline 0 -20"><span class='ocrx_word' id='word_1_33' title='bbox 260 864 294 928; x_wconf 93' lang='lat' dir='ltr'>in</span> <span class='ocrx_word' id='word_1_34' title='bbox 315 862 448 928; x_wconf 90' lang='lat' dir='ltr'>hiberna</span> <span class='ocrx_word' id='word_1_35' title='bbox 469 864 690 944; x_wconf 85' lang='lat' dir='ltr'>Romanorum,</span> <span class='ocrx_word' id='word_1_36' title='bbox 713 863 941 948; x_wconf 85' lang='lat' dir='ltr'>intercipiebat.</span> 
     </span>
    </p>

    <p class='ocr_par' dir='ltr' id='par_1_3' title="bbox 230 966 1293 1254">
     <span class='ocr_line' id='line_1_7' title="bbox 230 966 1288 1052; baseline 0 -20"><span class='ocrx_word' id='word_1_37' title='bbox 230 986 242 1032; x_wconf 88' lang='lat'>1</span> <span class='ocrx_word' id='word_1_38' title='bbox 363 966 509 1030; x_wconf 88' lang='lat' dir='ltr'>XLVIII.</span> <span class='ocrx_word' id='word_1_39' title='bbox 554 966 630 1030; x_wconf 85' lang='lat' dir='ltr'>Erat</span> <span class='ocrx_word' id='word_1_40' title='bbox 652 967 820 1032; x_wconf 87' lang='lat' dir='ltr'>attributus</span> <span class='ocrx_word' id='word_1_41' title='bbox 841 967 979 1032; x_wconf 88' lang='lat' dir='ltr'>Antonio</span> <span class='ocrx_word' id='word_1_42' title='bbox 1009 968 1187 1052; x_wconf 85' lang='lat' dir='ltr'>praefectus</span> <span class='ocrx_word' id='word_1_43' title='bbox 1210 967 1288 1050; x_wconf 87' lang='lat' dir='ltr'>equi</span> 
     </span>
     <span class='ocr_line' id='line_1_8' title="bbox 261 1066 1291 1152; baseline 0.003 -20"><span class='ocrx_word' id='word_1_44' title='bbox 261 1074 327 1132; x_wconf 93' lang='lat' dir='ltr'>tum</span> <span class='ocrx_word' id='word_1_45' title='bbox 357 1068 391 1134; x_wconf 83' lang='grc' dir='ltr'>Ο.</span> <span class='ocrx_word' id='word_1_46' title='bbox 416 1068 592 1134; x_wconf 87' lang='lat' dir='ltr'>Volusenus</span> <span class='ocrx_word' id='word_1_47' title='bbox 622 1066 809 1149; x_wconf 80' lang='lat' dir='ltr'>Quadratus,</span> <span class='ocrx_word' id='word_1_48' title='bbox 844 1069 897 1152; x_wconf 83' lang='lat' dir='ltr'>qni</span> <span class='ocrx_word' id='word_1_49' title='bbox 928 1090 998 1134; x_wconf 91' lang='lat' dir='ltr'>oum</span> <span class='ocrx_word' id='word_1_50' title='bbox 1033 1089 1069 1135; x_wconf 91' lang='lat' dir='ltr'>eo</span> <span class='ocrx_word' id='word_1_51' title='bbox 1102 1070 1291 1136; x_wconf 87' lang='lat' dir='ltr'>hibernaret.</span> 
     </span>
     <span class='ocr_line' id='line_1_9' title="bbox 260 1169 1293 1254; baseline 0.002 -19"><span class='ocrx_word' id='word_1_52' title='bbox 260 1171 345 1235; x_wconf 88' lang='lat' dir='ltr'>hunc</span> <span class='ocrx_word' id='word_1_53' title='bbox 366 1170 521 1236; x_wconf 88' lang='lat' dir='ltr'>Antonius</span> <span class='ocrx_word' id='word_1_54' title='bbox 542 1169 585 1234; x_wconf 91' lang='lat' dir='ltr'>ad</span> <span class='ocrx_word' id='word_1_55' title='bbox 606 1170 857 1254; x_wconf 87' lang='lat' dir='ltr'>persequendum</span> <span class='ocrx_word' id='word_1_56' title='bbox 873 1172 1045 1254; x_wconf 85' lang='lat' dir='ltr'>equitatum</span> <span class='ocrx_word' id='word_1_57' title='bbox 1067 1169 1204 1238; x_wconf 88' lang='lat' dir='ltr'>hostium</span> <span class='ocrx_word' id='word_1_58' title='bbox 1225 1173 1293 1238; x_wconf 92' lang='lat' dir='ltr'>mit·</span> 
     </span>
    </p>

    <p class='ocr_par' dir='ltr' id='par_1_4' title="bbox 227 1272 1293 1565">
     <span class='ocr_line' id='line_1_10' title="bbox 227 1272 1292 1360; baseline -0.001 -19"><span class='ocrx_word' id='word_1_59' title='bbox 227 1276 306 1341; x_wconf 88' lang='lat' dir='ltr'>atit.</span> <span class='ocrx_word' id='word_1_60' title='bbox 341 1274 517 1338; x_wconf 89' lang='lat' dir='ltr'>Volusenus</span> <span class='ocrx_word' id='word_1_61' title='bbox 539 1272 581 1337; x_wconf 88' lang='lat' dir='ltr'>ad</span> <span class='ocrx_word' id='word_1_62' title='bbox 603 1293 673 1336; x_wconf 89' lang='lat' dir='ltr'>eam</span> <span class='ocrx_word' id='word_1_63' title='bbox 695 1274 851 1354; x_wconf 91' lang='lat' dir='ltr'>virtutem,</span> <span class='ocrx_word' id='word_1_64' title='bbox 875 1295 955 1356; x_wconf 88' lang='lat' dir='ltr'>quae</span> <span class='ocrx_word' id='word_1_65' title='bbox 978 1275 1144 1360; x_wconf 84' lang='lat' dir='ltr'>singularis</span> <span class='ocrx_word' id='word_1_66' title='bbox 1167 1282 1234 1340; x_wconf 85' lang='lat' dir='ltr'>erat</span> <span class='ocrx_word' id='word_1_67' title='bbox 1258 1276 1292 1340; x_wconf 90' lang='lat' dir='ltr'>in</span> 
     </span>
     <span class='ocr_line' id='line_1_11' title="bbox 261 1375 1293 1460; baseline 0 -18"><span class='ocrx_word' id='word_1_68' title='bbox 261 1397 308 1459; x_wconf 91' lang='lat' dir='ltr'>eo,</span> <span class='ocrx_word' id='word_1_69' title='bbox 331 1396 481 1460; x_wconf 81' lang='lat' dir='ltr'>magnum</span> <span class='ocrx_word' id='word_1_70' title='bbox 503 1375 609 1440; x_wconf 92' lang='lat' dir='ltr'>odium</span> <span class='ocrx_word' id='word_1_71' title='bbox 625 1375 759 1442; x_wconf 79' lang='lat' dir='ltr'>Commii</span> <span class='ocrx_word' id='word_1_72' title='bbox 780 1376 983 1459; x_wconf 79' lang='lat' dir='ltr'>adjungebat,</span> <span class='ocrx_word' id='word_1_73' title='bbox 1007 1398 1068 1460; x_wconf 90' lang='lat' dir='ltr'>qno</span> <span class='ocrx_word' id='word_1_74' title='bbox 1090 1379 1237 1444; x_wconf 88' lang='lat' dir='ltr'>libentius</span> <span class='ocrx_word' id='word_1_75' title='bbox 1258 1377 1293 1442; x_wconf 93' lang='lat' dir='ltr'>id</span> 
     </span>
     <span class='ocr_line' id='line_1_12' title="bbox 260 1477 1292 1565; baseline 0.004 -21"><span class='ocrx_word' id='word_1_76' title='bbox 260 1479 388 1560; x_wconf 86' lang='lat' dir='ltr'>faceret,</span> <span class='ocrx_word' id='word_1_77' title='bbox 412 1477 496 1561; x_wconf 90' lang='lat' dir='ltr'>quod</span> <span class='ocrx_word' id='word_1_78' title='bbox 518 1478 738 1563; x_wconf 89' lang='lat' dir='ltr'>imperabatur.</span> <span class='ocrx_word' id='word_1_79' title='bbox 772 1479 878 1562; x_wconf 91' lang='lat' dir='ltr'>itaque</span> <span class='ocrx_word' id='word_1_80' title='bbox 901 1480 1060 1565; x_wconf 77' lang='lat' dir='ltr'>dlapositis</span> <span class='ocrx_word' id='word_1_81' title='bbox 1082 1481 1205 1548; x_wconf 84' lang='lat' dir='ltr'>insidiis</span> <span class='ocrx_word' id='word_1_82' title='bbox 1226 1501 1292 1548; x_wconf 82' lang='lat' dir='ltr'>sae·</span> 
     </span>
    </p>

    <p class='ocr_par' dir='ltr' id='par_1_5' title="bbox 225 1581 1292 2488">
     <span class='ocr_line' id='line_1_13' title="bbox 227 1581 1292 1668; baseline -0.002 -17"><span class='ocrx_word' id='word_1_83' title='bbox 227 1584 331 1668; x_wconf 86' lang='lat' dir='ltr'>apius</span> <span class='ocrx_word' id='word_1_84' title='bbox 354 1582 474 1664; x_wconf 89' lang='lat' dir='ltr'>equites</span> <span class='ocrx_word' id='word_1_85' title='bbox 497 1582 564 1648; x_wconf 92' lang='lat' dir='ltr'>eius</span> <span class='ocrx_word' id='word_1_86' title='bbox 586 1601 754 1666; x_wconf 81' lang='lat' dir='ltr'>aggressus</span> <span class='ocrx_word' id='word_1_87' title='bbox 776 1581 916 1648; x_wconf 86' lang='lat' dir='ltr'>secunda</span> <span class='ocrx_word' id='word_1_88' title='bbox 937 1584 1055 1667; x_wconf 91' lang='lat' dir='ltr'>proelia</span> <span class='ocrx_word' id='word_1_89' title='bbox 1070 1584 1215 1649; x_wconf 82' lang='lat' dir='ltr'>factabat.</span> <span class='ocrx_word' id='word_1_90' title='bbox 1239 1605 1292 1649; x_wconf 81' lang='lat' dir='ltr'>no</span> 
     </span>
     <span class='ocr_line' id='line_1_14' title="bbox 260 1684 1292 1767; baseline 0.003 -18"><span class='ocrx_word' id='word_1_91' title='bbox 260 1686 401 1767; x_wconf 87' lang='lat' dir='ltr'>vissime,</span> <span class='ocrx_word' id='word_1_92' title='bbox 437 1705 507 1748; x_wconf 89' lang='lat' dir='ltr'>cum</span> <span class='ocrx_word' id='word_1_93' title='bbox 536 1684 753 1750; x_wconf 88' lang='lat' dir='ltr'>vehementius</span> <span class='ocrx_word' id='word_1_94' title='bbox 788 1684 1028 1751; x_wconf 91' lang='lat' dir='ltr'>contenderetur</span> <span class='ocrx_word' id='word_1_95' title='bbox 1056 1707 1094 1751; x_wconf 89' lang='lat' dir='ltr'>ac</span> <span class='ocrx_word' id='word_1_96' title='bbox 1115 1687 1292 1752; x_wconf 87' lang='lat' dir='ltr'>Volusenus</span> 
     </span>
     <span class='ocr_line' id='line_1_15' title="bbox 260 1786 1291 1873; baseline 0.001 -21"><span class='ocrx_word' id='word_1_97' title='bbox 260 1789 358 1873; x_wconf 91' lang='lat' dir='ltr'>ipsius</span> <span class='ocrx_word' id='word_1_98' title='bbox 387 1787 607 1871; x_wconf 90' lang='lat' dir='ltr'>intercipiendi</span> <span class='ocrx_word' id='word_1_99' title='bbox 637 1787 771 1852; x_wconf 79' lang='lat' dir='ltr'>Commii</span> <span class='ocrx_word' id='word_1_100' title='bbox 801 1786 970 1871; x_wconf 86' lang='lat' dir='ltr'>eupiditate</span> <span class='ocrx_word' id='word_1_101' title='bbox 999 1789 1190 1872; x_wconf 88' lang='lat' dir='ltr'>pertinacius</span> <span class='ocrx_word' id='word_1_102' title='bbox 1220 1809 1291 1854; x_wconf 91' lang='lat' dir='ltr'>eum</span> 
     </span>
     <span class='ocr_line' id='line_1_16' title="bbox 261 1890 1291 1975; baseline 0.002 -20"><span class='ocrx_word' id='word_1_103' title='bbox 261 1911 331 1956; x_wconf 88' lang='lat' dir='ltr'>oum</span> <span class='ocrx_word' id='word_1_104' title='bbox 346 1890 455 1975; x_wconf 88' lang='lat' dir='ltr'>paucis</span> <span class='ocrx_word' id='word_1_105' title='bbox 469 1890 629 1955; x_wconf 89' lang='lat' dir='ltr'>insecutus</span> <span class='ocrx_word' id='word_1_106' title='bbox 645 1896 737 1971; x_wconf 89' lang='lat' dir='ltr'>esset,</span> <span class='ocrx_word' id='word_1_107' title='bbox 757 1890 810 1954; x_wconf 93' lang='lat' dir='ltr'>ille</span> <span class='ocrx_word' id='word_1_108' title='bbox 824 1897 930 1954; x_wconf 90' lang='lat' dir='ltr'>autem</span> <span class='ocrx_word' id='word_1_109' title='bbox 946 1890 1023 1974; x_wconf 81' lang='lat' dir='ltr'>fuga</span> <span class='ocrx_word' id='word_1_110' title='bbox 1037 1891 1218 1956; x_wconf 89' lang='lat' dir='ltr'>vehementi</span> <span class='ocrx_word' id='word_1_111' title='bbox 1233 1893 1291 1957; x_wconf 84' lang='lat' dir='ltr'>Vo</span> 
     </span>
     <span class='ocr_line' id='line_1_17' title="bbox 259 1992 1292 2079; baseline -0.001 -19"><span class='ocrx_word' id='word_1_112' title='bbox 259 1997 402 2062; x_wconf 90' lang='lat' dir='ltr'>lusenum</span> <span class='ocrx_word' id='word_1_113' title='bbox 432 1994 633 2079; x_wconf 87' lang='lat' dir='ltr'>produxisset</span> <span class='ocrx_word' id='word_1_114' title='bbox 662 1993 800 2076; x_wconf 85' lang='lat' dir='ltr'>longius,</span> <span class='ocrx_word' id='word_1_115' title='bbox 834 1993 979 2058; x_wconf 88' lang='lat' dir='ltr'>inimicus</span> <span class='ocrx_word' id='word_1_116' title='bbox 1012 1992 1133 2058; x_wconf 92' lang='lat' dir='ltr'>homini</span> <span class='ocrx_word' id='word_1_117' title='bbox 1165 2014 1292 2060; x_wconf 92' lang='lat' dir='ltr'>suorum</span> 
     </span>
     <span class='ocr_line' id='line_1_18' title="bbox 259 2097 1291 2181; baseline -0.001 -18"><span class='ocrx_word' id='word_1_118' title='bbox 259 2100 386 2163; x_wconf 86' lang='lat' dir='ltr'>invocat</span> <span class='ocrx_word' id='word_1_119' title='bbox 407 2097 502 2161; x_wconf 86' lang='lat' dir='ltr'>tidem</span> <span class='ocrx_word' id='word_1_120' title='bbox 524 2103 619 2180; x_wconf 91' lang='lat' dir='ltr'>atque</span> <span class='ocrx_word' id='word_1_121' title='bbox 641 2097 803 2180; x_wconf 84' lang='lat' dir='ltr'>auxilium,</span> <span class='ocrx_word' id='word_1_122' title='bbox 827 2116 868 2162; x_wconf 91' lang='lat' dir='ltr'>ne</span> <span class='ocrx_word' id='word_1_123' title='bbox 890 2117 948 2163; x_wconf 88' lang='lat' dir='ltr'>sua</span> <span class='ocrx_word' id='word_1_124' title='bbox 969 2097 1101 2161; x_wconf 89' lang='lat' dir='ltr'>vulnera</span> <span class='ocrx_word' id='word_1_125' title='bbox 1121 2117 1178 2181; x_wconf 91' lang='lat' dir='ltr'>per</span> <span class='ocrx_word' id='word_1_126' title='bbox 1195 2097 1291 2162; x_wconf 89' lang='lat' dir='ltr'>fidem</span> 
     </span>
     <span class='ocr_line' id='line_1_19' title="bbox 259 2200 1292 2285; baseline 0 -21"><span class='ocrx_word' id='word_1_127' title='bbox 259 2201 407 2285; x_wconf 88' lang='lat' dir='ltr'>imposita</span> <span class='ocrx_word' id='word_1_128' title='bbox 436 2207 617 2284; x_wconf 90' lang='lat' dir='ltr'>paterentur</span> <span class='ocrx_word' id='word_1_129' title='bbox 646 2200 818 2283; x_wconf 89' lang='lat' dir='ltr'>impunita,</span> <span class='ocrx_word' id='word_1_130' title='bbox 854 2219 1067 2281; x_wconf 87' lang='lat' dir='ltr'>conversoque</span> <span class='ocrx_word' id='word_1_131' title='bbox 1098 2220 1178 2282; x_wconf 90' lang='lat' dir='ltr'>equo</span> <span class='ocrx_word' id='word_1_132' title='bbox 1207 2220 1243 2266; x_wconf 89' lang='lat' dir='ltr'>se</span> <span class='ocrx_word' id='word_1_133' title='bbox 1271 2220 1292 2264; x_wconf 91' lang='lat' dir='ltr'>a</span> 
     </span>
     <span class='ocr_line' id='line_1_20' title="bbox 225 2301 1291 2386; baseline -0.003 -15"><span class='ocrx_word' id='word_1_134' title='bbox 225 2303 372 2371; x_wconf 76' lang='lat' dir='ltr'>coeteris</span> <span class='ocrx_word' id='word_1_135' title='bbox 401 2303 556 2368; x_wconf 87' lang='lat' dir='ltr'>incautius</span> <span class='ocrx_word' id='word_1_136' title='bbox 585 2302 737 2386; x_wconf 89' lang='lat' dir='ltr'>permittit</span> <span class='ocrx_word' id='word_1_137' title='bbox 765 2302 798 2366; x_wconf 92' lang='lat' dir='ltr'>in</span> <span class='ocrx_word' id='word_1_138' title='bbox 831 2301 1033 2386; x_wconf 84' lang='lat' dir='ltr'>praefectum.</span> <span class='ocrx_word' id='word_1_139' title='bbox 1070 2302 1199 2385; x_wconf 27' lang='lat' dir='ltr'>,faciunt</span> <span class='ocrx_word' id='word_1_140' title='bbox 1231 2302 1291 2368; x_wconf 91' lang='lat' dir='ltr'>hoc</span> 
     </span>
     <span class='ocr_line' id='line_1_21' title="bbox 258 2404 1292 2488; baseline -0.001 -18"><span class='ocrx_word' id='word_1_141' title='bbox 258 2404 343 2470; x_wconf 90' lang='lat' dir='ltr'>idem</span> <span class='ocrx_word' id='word_1_142' title='bbox 372 2425 482 2469; x_wconf 90' lang='lat' dir='ltr'>omnes</span> <span class='ocrx_word' id='word_1_143' title='bbox 508 2405 575 2470; x_wconf 92' lang='lat' dir='ltr'>eius</span> <span class='ocrx_word' id='word_1_144' title='bbox 606 2405 726 2487; x_wconf 83' lang='lat' dir='ltr'>equites</span> <span class='ocrx_word' id='word_1_145' title='bbox 755 2423 934 2488; x_wconf 87' lang='lat' dir='ltr'>paucosque</span> <span class='ocrx_word' id='word_1_146' title='bbox 960 2411 1082 2470; x_wconf 90' lang='lat' dir='ltr'>nostros</span> <span class='ocrx_word' id='word_1_147' title='bbox 1105 2411 1292 2470; x_wconf 84' lang='lat' dir='ltr'>convertunt</span> 
     </span>
    </p>

    <p class='ocr_par' dir='ltr' id='par_1_6' title="bbox 224 2507 1291 2695">
     <span class='ocr_line' id='line_1_22' title="bbox 224 2507 1290 2592; baseline -0.004 -16"><span class='ocrx_word' id='word_1_148' title='bbox 224 2520 241 2578; x_wconf 82' lang='lat' dir='ltr'>&#39;t</span> <span class='ocrx_word' id='word_1_149' title='bbox 259 2515 354 2592; x_wconf 87' lang='lat' dir='ltr'>atque</span> <span class='ocrx_word' id='word_1_150' title='bbox 376 2508 589 2590; x_wconf 87' lang='lat' dir='ltr'>insequuntur.</span> <span class='ocrx_word' id='word_1_151' title='bbox 614 2507 773 2573; x_wconf 82' lang='lat' dir='ltr'>Commius</span> <span class='ocrx_word' id='word_1_152' title='bbox 795 2508 958 2572; x_wconf 88' lang='lat' dir='ltr'>incensum</span> <span class='ocrx_word' id='word_1_153' title='bbox 982 2508 1153 2573; x_wconf 88' lang='lat' dir='ltr'>calcaribus</span> <span class='ocrx_word' id='word_1_154' title='bbox 1176 2529 1290 2590; x_wconf 91' lang='lat' dir='ltr'>equum</span> 
     </span>
     <span class='ocr_line' id='line_1_23' title="bbox 260 2609 1291 2695; baseline 0.001 -19"><span class='ocrx_word' id='word_1_155' title='bbox 260 2612 422 2694; x_wconf 85' lang='lat' dir='ltr'>coniungit</span> <span class='ocrx_word' id='word_1_156' title='bbox 444 2631 524 2693; x_wconf 92' lang='lat' dir='ltr'>equo</span> <span class='ocrx_word' id='word_1_157' title='bbox 540 2609 691 2687; x_wconf 81' lang='lat' dir='ltr'>Quadrati</span> <span class='ocrx_word' id='word_1_158' title='bbox 712 2611 885 2693; x_wconf 87' lang='lat' dir='ltr'>lanceaque</span> <span class='ocrx_word' id='word_1_159' title='bbox 904 2610 1020 2676; x_wconf 90' lang='lat' dir='ltr'>infesta</span> <span class='ocrx_word' id='word_1_160' title='bbox 1034 2613 1157 2695; x_wconf 82' lang='lat' dir='ltr'>magnis</span> <span class='ocrx_word' id='word_1_161' title='bbox 1172 2612 1291 2678; x_wconf 86' lang='lat' dir='ltr'>viribus</span> 
     </span>
    </p>

    <p class='ocr_par' dir='ltr' id='par_1_7' title="bbox 226 2713 1289 2902">
     <span class='ocr_line' id='line_1_24' title="bbox 226 2713 1289 2797; baseline -0.006 -13"><span class='ocrx_word' id='word_1_162' title='bbox 226 2715 397 2784; x_wconf 84' lang='lat' dir='ltr'>emedium</span> <span class='ocrx_word' id='word_1_163' title='bbox 420 2713 522 2794; x_wconf 86' lang='lat' dir='ltr'>femur</span> <span class='ocrx_word' id='word_1_164' title='bbox 543 2714 646 2778; x_wconf 89' lang='lat' dir='ltr'>traicit</span> <span class='ocrx_word' id='word_1_165' title='bbox 661 2714 821 2778; x_wconf 89' lang='lat' dir='ltr'>Voluseni.</span> <span class='ocrx_word' id='word_1_166' title='bbox 859 2713 1018 2797; x_wconf 85' lang='lat' dir='ltr'>praefecto</span> <span class='ocrx_word' id='word_1_167' title='bbox 1041 2715 1204 2779; x_wconf 82' lang='lat' dir='ltr'>vulnerato</span> <span class='ocrx_word' id='word_1_168' title='bbox 1219 2716 1289 2778; x_wconf 78' lang='lat' dir='ltr'>&#39;non</span> 
     </span>
     <span class='ocr_line' id='line_1_25' title="bbox 259 2817 1288 2902; baseline -0.003 -19"><span class='ocrx_word' id='word_1_169' title='bbox 259 2819 405 2884; x_wconf 90' lang='lat' dir='ltr'>dubitant</span> <span class='ocrx_word' id='word_1_170' title='bbox 426 2817 524 2882; x_wconf 90' lang='lat' dir='ltr'>nostri</span> <span class='ocrx_word' id='word_1_171' title='bbox 539 2817 684 2882; x_wconf 89' lang='lat' dir='ltr'>resistere</span> <span class='ocrx_word' id='word_1_172' title='bbox 701 2823 732 2881; x_wconf 89' lang='lat' dir='ltr'>et</span> <span class='ocrx_word' id='word_1_173' title='bbox 748 2817 907 2883; x_wconf 89' lang='lat' dir='ltr'>conversis</span> <span class='ocrx_word' id='word_1_174' title='bbox 923 2817 1011 2899; x_wconf 89' lang='lat' dir='ltr'>equis</span> <span class='ocrx_word' id='word_1_175' title='bbox 1026 2817 1147 2884; x_wconf 89' lang='lat' dir='ltr'>hostem</span> <span class='ocrx_word' id='word_1_176' title='bbox 1162 2819 1288 2902; x_wconf 90' lang='lat' dir='ltr'>pellere.</span> 
     </span>
    </p>

    <p class='ocr_par' dir='ltr' id='par_1_8' title="bbox 226 2919 1290 3313">
     <span class='ocr_line' id='line_1_26' title="bbox 226 2919 1290 3004; baseline -0.002 -16"><span class='ocrx_word' id='word_1_177' title='bbox 226 2921 344 3004; x_wconf 86' lang='lat' dir='ltr'>rquod</span> <span class='ocrx_word' id='word_1_178' title='bbox 366 2921 421 2985; x_wconf 90' lang='lat' dir='ltr'>ubi</span> <span class='ocrx_word' id='word_1_179' title='bbox 449 2919 573 3000; x_wconf 88' lang='lat' dir='ltr'>accidit,</span> <span class='ocrx_word' id='word_1_180' title='bbox 605 2920 779 3004; x_wconf 86' lang='lat' dir='ltr'>complures</span> <span class='ocrx_word' id='word_1_181' title='bbox 805 2919 941 2984; x_wconf 89' lang='lat' dir='ltr'>hostium</span> <span class='ocrx_word' id='word_1_182' title='bbox 970 2941 1085 3004; x_wconf 82' lang='lat' dir='ltr'>magno</span> <span class='ocrx_word' id='word_1_183' title='bbox 1115 2927 1290 2986; x_wconf 88' lang='lat' dir='ltr'>nostrorum</span> 
     </span>
     <span class='ocr_line' id='line_1_27' title="bbox 258 3022 1290 3109; baseline -0.003 -19"><span class='ocrx_word' id='word_1_184' title='bbox 258 3026 378 3109; x_wconf 88' lang='lat' dir='ltr'>impetu</span> <span class='ocrx_word' id='word_1_185' title='bbox 399 3023 534 3107; x_wconf 91' lang='lat' dir='ltr'>perculsi</span> <span class='ocrx_word' id='word_1_186' title='bbox 556 3022 760 3087; x_wconf 85' lang='lat' dir='ltr'>vulnerantur</span> <span class='ocrx_word' id='word_1_187' title='bbox 781 3042 819 3087; x_wconf 93' lang='lat' dir='ltr'>ac</span> <span class='ocrx_word' id='word_1_188' title='bbox 840 3023 954 3107; x_wconf 90' lang='lat' dir='ltr'>partim</span> <span class='ocrx_word' id='word_1_189' title='bbox 977 3023 1010 3088; x_wconf 91' lang='lat' dir='ltr'>in</span> <span class='ocrx_word' id='word_1_190' title='bbox 1032 3023 1110 3107; x_wconf 83' lang='lat' dir='ltr'>Iuga</span> <span class='ocrx_word' id='word_1_191' title='bbox 1131 3031 1290 3106; x_wconf 90' lang='lat' dir='ltr'>proterun-</span> 
     </span>
     <span class='ocr_line' id='line_1_28' title="bbox 258 3125 1289 3213; baseline -0.003 -20"><span class='ocrx_word' id='word_1_192' title='bbox 258 3136 317 3209; x_wconf 93' lang='lat' dir='ltr'>tur,</span> <span class='ocrx_word' id='word_1_193' title='bbox 339 3127 453 3213; x_wconf 88' lang='lat' dir='ltr'>partim</span> <span class='ocrx_word' id='word_1_194' title='bbox 475 3125 723 3209; x_wconf 87' lang='lat' dir='ltr'>intercipiuntur.</span> <span class='ocrx_word' id='word_1_195' title='bbox 771 3126 855 3208; x_wconf 91' lang='lat' dir='ltr'>quod</span> <span class='ocrx_word' id='word_1_196' title='bbox 877 3126 993 3190; x_wconf 91' lang='lat' dir='ltr'>malum</span> <span class='ocrx_word' id='word_1_197' title='bbox 1021 3125 1086 3190; x_wconf 84' lang='lat' dir='ltr'>dux</span> <span class='ocrx_word' id='word_1_198' title='bbox 1114 3127 1186 3209; x_wconf 92' lang='lat' dir='ltr'>equi</span> <span class='ocrx_word' id='word_1_199' title='bbox 1208 3127 1289 3191; x_wconf 90' lang='lat' dir='ltr'>velo·</span> 
     </span>
     <span class='ocr_line' id='line_1_29' title="bbox 259 3228 1289 3313; baseline -0.001 -18"><span class='ocrx_word' id='word_1_200' title='bbox 259 3232 353 3296; x_wconf 91' lang='lat' dir='ltr'>citate</span> <span class='ocrx_word' id='word_1_201' title='bbox 383 3229 528 3312; x_wconf 90' lang='lat' dir='ltr'>evitavit;</span> <span class='ocrx_word' id='word_1_202' title='bbox 558 3229 697 3312; x_wconf 85' lang='lat' dir='ltr'>graviter</span> <span class='ocrx_word' id='word_1_203' title='bbox 719 3229 901 3296; x_wconf 81' lang='lat' dir='ltr'>vulneratus</span> <span class='ocrx_word' id='word_1_204' title='bbox 930 3228 1118 3313; x_wconf 87' lang='lat' dir='ltr'>praefectus,</span> <span class='ocrx_word' id='word_1_205' title='bbox 1148 3235 1183 3293; x_wconf 91' lang='lat' dir='ltr'>ut</span> <span class='ocrx_word' id='word_1_206' title='bbox 1205 3230 1289 3294; x_wconf 87' lang='lat' dir='ltr'>vitae</span> 
     </span>
    </p>

    <p class='ocr_par' dir='ltr' id='par_1_9' title="bbox 224 3331 1331 3725">
     <span class='ocr_line' id='line_1_30' title="bbox 224 3331 1331 3418; baseline -0.011 -16"><span class='ocrx_word' id='word_1_207' title='bbox 224 3333 430 3418; x_wconf 84' lang='lat' dir='ltr'>opericulum</span> <span class='ocrx_word' id='word_1_208' title='bbox 459 3331 600 3396; x_wconf 88' lang='lat' dir='ltr'>aditurus</span> <span class='ocrx_word' id='word_1_209' title='bbox 622 3332 790 3412; x_wconf 89' lang='lat' dir='ltr'>videretur,</span> <span class='ocrx_word' id='word_1_210' title='bbox 821 3331 953 3396; x_wconf 86' lang='lat' dir='ltr'>refertur</span> <span class='ocrx_word' id='word_1_211' title='bbox 981 3332 1013 3395; x_wconf 93' lang='lat' dir='ltr'>in</span> <span class='ocrx_word' id='word_1_212' title='bbox 1044 3339 1154 3396; x_wconf 87' lang='lat' dir='ltr'>eastra.</span> <span class='ocrx_word' id='word_1_213' title='bbox 1200 3332 1289 3398; x_wconf 82' lang='lat' dir='ltr'>Oom-</span> <span class='ocrx_word' id='word_1_214' title='bbox 1327 3379 1331 3390; x_wconf 78' lang='lat'>.</span> 
     </span>
     <span class='ocr_line' id='line_1_31' title="bbox 258 3433 1289 3519; baseline -0.003 -17"><span class='ocrx_word' id='word_1_215' title='bbox 258 3438 339 3502; x_wconf 90' lang='lat' dir='ltr'>mius</span> <span class='ocrx_word' id='word_1_216' title='bbox 368 3442 473 3500; x_wconf 87' lang='lat' dir='ltr'>autem</span> <span class='ocrx_word' id='word_1_217' title='bbox 504 3435 572 3500; x_wconf 89' lang='lat' dir='ltr'>sive</span> <span class='ocrx_word' id='word_1_218' title='bbox 602 3435 729 3519; x_wconf 87' lang='lat' dir='ltr'>expiato</span> <span class='ocrx_word' id='word_1_219' title='bbox 760 3454 816 3499; x_wconf 90' lang='lat' dir='ltr'>suo</span> <span class='ocrx_word' id='word_1_220' title='bbox 842 3433 947 3499; x_wconf 91' lang='lat' dir='ltr'>dolore</span> <span class='ocrx_word' id='word_1_221' title='bbox 970 3435 1038 3498; x_wconf 89' lang='lat' dir='ltr'>sive</span> <span class='ocrx_word' id='word_1_222' title='bbox 1061 3454 1178 3518; x_wconf 80' lang='lat' dir='ltr'>magna</span> <span class='ocrx_word' id='word_1_223' title='bbox 1199 3441 1289 3519; x_wconf 88' lang='lat' dir='ltr'>parte</span> 
     </span>
     <span class='ocr_line' id='line_1_32' title="bbox 257 3537 1289 3621; baseline -0.002 -16"><span class='ocrx_word' id='word_1_224' title='bbox 257 3543 374 3605; x_wconf 87' lang='lat' dir='ltr'>amissa</span> <span class='ocrx_word' id='word_1_225' title='bbox 396 3559 521 3604; x_wconf 90' lang='lat' dir='ltr'>suorum</span> <span class='ocrx_word' id='word_1_226' title='bbox 544 3539 664 3621; x_wconf 83' lang='lat' dir='ltr'>legatos</span> <span class='ocrx_word' id='word_1_227' title='bbox 687 3537 728 3601; x_wconf 90' lang='lat' dir='ltr'>ad</span> <span class='ocrx_word' id='word_1_228' title='bbox 750 3538 920 3603; x_wconf 86' lang='lat' dir='ltr'>Antonium</span> <span class='ocrx_word' id='word_1_229' title='bbox 948 3538 1042 3602; x_wconf 90' lang='lat' dir='ltr'>mittit</span> <span class='ocrx_word' id='word_1_230' title='bbox 1064 3558 1161 3620; x_wconf 90' lang='lat' dir='ltr'>seque</span> <span class='ocrx_word' id='word_1_231' title='bbox 1183 3544 1215 3602; x_wconf 92' lang='lat' dir='ltr'>et</span> <span class='ocrx_word' id='word_1_232' title='bbox 1244 3538 1289 3603; x_wconf 91' lang='lat' dir='ltr'>ibi</span> 
     </span>
     <span class='ocr_line' id='line_1_33' title="bbox 257 3641 1289 3725; baseline -0.001 -18"><span class='ocrx_word' id='word_1_233' title='bbox 257 3643 405 3722; x_wconf 87' lang='lat' dir='ltr'>futurum,</span> <span class='ocrx_word' id='word_1_234' title='bbox 429 3641 484 3705; x_wconf 92' lang='lat' dir='ltr'>ubi</span> <span class='ocrx_word' id='word_1_235' title='bbox 506 3641 750 3725; x_wconf 87' lang='lat' dir='ltr'>praescripserit,</span> <span class='ocrx_word' id='word_1_236' title='bbox 782 3646 814 3704; x_wconf 91' lang='lat' dir='ltr'>et</span> <span class='ocrx_word' id='word_1_237' title='bbox 836 3660 874 3704; x_wconf 92' lang='lat' dir='ltr'>ea</span> <span class='ocrx_word' id='word_1_238' title='bbox 896 3641 1059 3723; x_wconf 85' lang='lat' dir='ltr'>facturum,</span> <span class='ocrx_word' id='word_1_239' title='bbox 1091 3660 1170 3724; x_wconf 86' lang='lat' dir='ltr'>quae</span> <span class='ocrx_word' id='word_1_240' title='bbox 1192 3641 1289 3725; x_wconf 76' lang='lat' dir='ltr'>impe</span> 
     </span>
    </p>

    <p class='ocr_par' dir='ltr' id='par_1_10' title="bbox 226 3743 1288 3930">
     <span class='ocr_line' id='line_1_34' title="bbox 226 3743 1288 3832; baseline 0 -24"><span class='ocrx_word' id='word_1_241' title='bbox 226 3746 342 3832; x_wconf 85' lang='lat' dir='ltr'>orarit,</span> <span class='ocrx_word' id='word_1_242' title='bbox 370 3743 532 3808; x_wconf 88' lang='lat' dir='ltr'>obsidibus</span> <span class='ocrx_word' id='word_1_243' title='bbox 560 3743 641 3808; x_wconf 90' lang='lat' dir='ltr'>datis</span> <span class='ocrx_word' id='word_1_244' title='bbox 668 3744 783 3827; x_wconf 82' lang='lat' dir='ltr'>firmat3</span> <span class='ocrx_word' id='word_1_245' title='bbox 810 3763 907 3808; x_wconf 89' lang='lat' dir='ltr'>unum</span> <span class='ocrx_word' id='word_1_246' title='bbox 929 3743 1007 3810; x_wconf 92' lang='lat' dir='ltr'>illud</span> <span class='ocrx_word' id='word_1_247' title='bbox 1028 3750 1105 3825; x_wconf 90' lang='lat' dir='ltr'>orat,</span> <span class='ocrx_word' id='word_1_248' title='bbox 1128 3750 1163 3808; x_wconf 93' lang='lat' dir='ltr'>ut</span> <span class='ocrx_word' id='word_1_249' title='bbox 1185 3744 1288 3809; x_wconf 89' lang='lat' dir='ltr'>timori</span> 
     </span>
     <span class='ocr_line' id='line_1_35' title="bbox 259 3845 1287 3930; baseline 0.002 -20"><span class='ocrx_word' id='word_1_250' title='bbox 259 3865 315 3910; x_wconf 88' lang='lat' dir='ltr'>suo</span> <span class='ocrx_word' id='word_1_251' title='bbox 338 3845 535 3925; x_wconf 89' lang='lat' dir='ltr'>concedatur,</span> <span class='ocrx_word' id='word_1_252' title='bbox 558 3865 599 3909; x_wconf 93' lang='lat' dir='ltr'>ne</span> <span class='ocrx_word' id='word_1_253' title='bbox 621 3846 654 3910; x_wconf 94' lang='lat' dir='ltr'>in</span> <span class='ocrx_word' id='word_1_254' title='bbox 677 3853 876 3930; x_wconf 86' lang='lat' dir='ltr'>conspectum</span> <span class='ocrx_word' id='word_1_255' title='bbox 896 3847 1003 3911; x_wconf 84' lang='lat' dir='ltr'>veniat</span> <span class='ocrx_word' id='word_1_256' title='bbox 1026 3847 1207 3928; x_wconf 88' lang='lat' dir='ltr'>cuiusquam</span> <span class='ocrx_word' id='word_1_257' title='bbox 1229 3848 1287 3912; x_wconf 84' lang='lat' dir='ltr'>Ro</span> 
     </span>
    </p>
   </div>
   <div class='ocr_carea' id='block_1_3' title="bbox 0 0 1484 4192">
    <p class='ocr_par' dir='ltr' id='par_1_11' title="bbox 0 0 1484 4192">
     <span class='ocr_line' id='line_1_36' title="bbox 0 0 1484 4192; baseline 0 2"><span class='ocrx_word' id='word_1_258' title='bbox 0 0 1484 4192; x_wconf 95' lang='lat' dir='ltr'> </span> 
     </span>
    </p>
   </div>
  </div>
 </body>
</html>
