2966 4196
322 283 385 348 160
659 299 708 352 DE
725 297 842 354 BELLO
859 297 1022 354 GALLIGO

211 557 213 560 Ι
285 494 298 540 1
421 473 522 536 XLII.
568 472 651 536 Dum
680 469 761 536 haee
789 470 832 536 ad
854 471 1045 555 Gergoviam
1067 478 1228 557 geruntur,
1251 471 1355 538 Aedui

317 575 428 659 primis
450 575 569 640 nuntiis
591 576 632 640 ab
655 575 817 640 Litavieoo
839 574 979 658 acceptis
1001 575 1121 639 nullum
1144 574 1205 641 sibi
1232 573 1278 641 ed
1307 595 1355 641 eo

285 677 533 762 agnoscendum
556 663 692 761 spatium
713 677 904 759 relinquunt.
950 677 1084 761 impellit
1109 678 1187 744 alios
1207 678 1354 763 avaritia

240 815 242 819 ·
318 781 396 846 alios
417 780 582 845 iracundia
604 787 636 845 et
658 781 829 864 temeritas,
853 800 934 862 quae
956 780 1095 846 maxime
1124 781 1170 845 illi
1192 781 1354 849 hominum

318 883 427 967 generi
451 890 498 948 est
520 884 639 967 innata,
670 889 705 948 ut
733 883 837 948 levem
863 882 1057 948 auditionem
1080 883 1220 950 habeant
1241 905 1298 970 pro
1320 905 1355 952 re

285 993 488 1071 seomperta.
533 988 618 1052 bona
650 986 767 1051 nivium
797 989 1009 1051 Romanorum
1044 986 1205 1072 diripiunt,
1239 988 1355 1055 caedes

285 1089 448 1173 sfaeiunt,
482 1090 516 1153 in
550 1089 734 1154 servitutem
763 1087 959 1154 abstrahunt.
990 1087 1120 1154 adiuvat
1150 1110 1216 1155 rem
1245 1091 1354 1175 proeli·

318 1199 426 1258 natam
460 1190 717 1258 Convictolitavis
749 1177 937 1275 plebemque
971 1189 1012 1254 ad
1045 1191 1181 1257 furorem
1211 1194 1353 1279 impellit,

285 1301 354 1363 sut
375 1294 515 1359 facinore
536 1292 674 1358 admisso
696 1292 739 1357 ad
767 1293 935 1360 sanitatem
961 1294 1077 1359 reverti
1103 1295 1230 1379 pudeat.
1274 1296 1354 1362 Illar-

320 1417 389 1461 enm
420 1396 571 1460 Aristium
604 1396 765 1460 tribunum
797 1396 930 1459 militum
964 1396 1024 1461 iter
1052 1396 1095 1461 ad
1123 1398 1280 1482 legionem
1309 1400 1353 1466 sa

320 1500 454 1565 cientem
483 1498 546 1563 fide
576 1499 650 1563 data
680 1519 721 1564 ex
751 1498 867 1582 oppido
897 1499 1059 1564 Cabillono
1090 1499 1240 1586 educunt5
1267 1503 1353 1568 idem
1470 1541 1471 1578 r

319 1602 424 1667 faeere
457 1609 573 1687 eogunt
606 1622 669 1686 eos,
704 1603 757 1684 qui
790 1601 973 1685 negotiandi
1007 1623 1102 1668 eausa
1130 1604 1176 1670 ibi
1210 1607 1353 1672 eonstite

286 1727 301 1774 s
319 1712 398 1770 rant.
429 1705 487 1771 hos
509 1706 655 1771 continuo
677 1705 711 1769 in
733 1705 845 1770 itinere
866 1703 968 1769 adorti
983 1706 1128 1772 omnibus
1150 1707 1354 1792 impedimen·

319 1810 360 1875 tis
382 1815 517 1893 exuunt,
539 1814 754 1892 repugnantes
777 1806 861 1872 diem
886 1815 1072 1891 nootemque
1095 1810 1255 1896 obsident;
1278 1813 1354 1876 mul-
1470 1833 1471 1896 g

319 1913 360 1978 tis
379 1912 535 1993 utrimque
549 1910 724 1976 interfectis
746 1911 895 1976 maiorem
917 1911 1149 1976 multitudinem
1163 1919 1353 1979 armatorum

321 2015 487 2080 concitant.

287 2140 300 2186 r
422 2118 540 2182 XLIII.
585 2116 715 2182 Interim
744 2117 855 2182 nuntio
883 2116 987 2201 allato,
1015 2137 1125 2184 omnes
1148 2139 1254 2184 eorum
1276 2121 1354 2185 mili·

320 2229 368 2286 tes
390 2221 423 2284 in
445 2225 600 2304 potestate
616 2219 761 2286 Caesaris
783 2220 893 2303 teneri,
917 2227 1104 2286 concurrunt
1126 2221 1169 2286 ad
1189 2222 1352 2308 Aristium,

286 2323 398 2392 rnihil
419 2322 544 2407 publico
567 2321 686 2386 fantum
715 2322 845 2387 oonsilio
875 2321 1105 2409 demonstrant,
1137 2326 1354 2406 quaestionem

320 2425 473 2491 debonis
498 2424 629 2509 direptis
658 2423 841 2510 decernunt,
863 2426 1017 2491 Litavioei
1045 2425 1240 2511 fratrumque
1269 2430 1355 2495 bona

319 2519 491 2614 publicant,
513 2529 634 2612 legatos
656 2527 697 2592 ad
721 2529 889 2594 Caesarem
912 2529 960 2594 sui
981 2529 1139 2614 purgandi
1161 2531 1264 2614 gratia
1285 2532 1355 2596 mit·
1469 2531 1470 2542 ’

287 2637 399 2701 stunt.
443 2630 523 2696 haee
544 2630 666 2697 laniunt
694 2631 967 2716 reciperandorum
997 2652 1123 2697 suorum
1155 2653 1264 2718 oausa;
1296 2633 1356 2699 sed

321 2735 524 2801 contaminati
546 2734 685 2800 facinore
708 2741 740 2800 et
762 2735 846 2819 eapti
869 2734 1054 2819 oompendio
1085 2755 1126 2800 ex
1148 2734 1280 2820 direptis
1301 2738 1356 2802 bo
1469 2745 1470 2766 ¹

320 2839 370 2904 nis
393 2845 434 2920 et,
457 2837 541 2921 quod
564 2857 602 2902 ea
624 2857 675 2903 res
697 2837 740 2903 ad
761 2838 876 2904 multos
894 2838 1082 2923 pertinebat,
1104 2839 1217 2904 timore
1230 2859 1357 2924 poenae

321 2941 462 3008 exterriti
484 2940 615 3006 consilia
637 2941 717 3006 elam
740 2940 884 3006 debello
911 2941 991 3006 inire
1018 2941 1174 3026 incipiunt
1200 2942 1357 3008 civitates-

286 3064 383 3128 rque
404 3043 541 3127 reliquas
562 3044 773 3128 legati0nibus
795 3043 973 3110 sollieitant.
1019 3063 1101 3128 quae
1129 3045 1256 3110 ametsi
1278 3045 1358 3112 Cae

322 3168 372 3214 sar
393 3146 607 3230 intellegebat,
630 3153 747 3233 tamen,
772 3167 866 3230 quam
896 3146 1062 3213 mitissime
1089 3153 1203 3233 potest,
1232 3147 1359 3234 legatos

321 3250 473 3335 appellat:
496 3249 575 3314 nihil
597 3269 632 3315 se
653 3256 781 3335 propter
802 3249 1002 3316 insolentiam
1024 3251 1249 3333 levitatemque
1267 3251 1358 3336 vulgi
1466 3327 1469 3354 ⁴

321 3352 450 3437 gravius
480 3351 520 3417 de
550 3353 678 3418 civitate
707 3353 848 3418 iudicare
879 3373 983 3436 neque
1013 3353 1054 3419 de
1082 3374 1140 3420 sua
1168 3354 1202 3420 in
1227 3353 1361 3421 Aeduos

287 3455 544 3526 obenevolentia
565 3454 756 3522 deminuere.
801 3456 870 3540 ipse
903 3455 1054 3522 maiorem
1083 3457 1206 3523 Galliae
1237 3463 1360 3524 motum

323 3565 522 3644 exspectans,
545 3578 587 3623 ne
607 3559 649 3623 ab
679 3559 825 3624 omnibns
854 3559 1036 3625 civitatibus
1065 3560 1360 3645 circumsisteretur,

323 3662 454 3728 consilia
474 3661 585 3745 inibat,
609 3661 873 3745 quemadmodum
895 3682 916 3726 a
938 3661 1098 3747 Gergovia
1119 3662 1297 3729 diseederet
1318 3681 1363 3728 ao

322 3784 429 3830 rursus
450 3784 575 3830 omnem
599 3765 772 3830 exereitum
795 3765 1002 3846 contraheret,
1032 3786 1074 3832 ne
1103 3767 1256 3851 profectio
1281 3773 1362 3832 nata

322 3869 363 3934 ab
387 3867 498 3932 timore
520 3865 706 3934 defectionis
729 3867 839 3932 similis
861 3866 957 3952 fugae
979 3867 1148 3934 videretur.
