2960 4192
283 269 346 332 180
617 283 667 337 Du
685 283 802 338 BELLO
821 282 982 338 GALLICO

281 457 362 520 bello
386 467 606 543 coqaoocruat,
631 458 745 518 borum
776 456 812 518 ia
842 457 931 542 apris
962 455 1211 540 civitatibusque
1247 479 1316 519 caa-

280 559 386 622 sidere
409 570 504 644 atque
527 560 577 621 bis
601 569 766 622 aeternam
789 559 959 643 iaiuaqere
981 559 1184 621 seruitutem?
1214 581 1314 643 reaque

232 682 262 730 16
281 663 365 726 caira
388 661 463 725 ulla
486 661 557 724 alia
580 661 764 725 condicione
789 660 874 724 bella
896 671 1069 748 gesseruut.
1105 662 1243 745 quodsi
1266 685 1316 739 ea,

279 787 362 848 quae
385 765 421 827 iu
445 764 628 850 longinquis
651 763 840 828 nationibus
863 775 1033 850 geruntur,
1065 765 1235 850 iprzeratis,
1266 788 1316 828 re-

278 868 394 952 spicite
409 867 587 950 finitimam
601 865 757 944 Galliam,
782 890 862 952 quae
885 868 921 928 iu
939 867 1146 952 prouinciam
1170 867 1315 943 redacta,

279 970 354 1034 iure
370 980 399 1034 ct
423 969 545 1057 lapibus
561 971 774 1054 commutatis,
798 969 965 1033 securibus
989 969 1132 1032 subiecta
1152 981 1314 1054 perpetua

274 1074 440 1159 premitur
462 1075 626 1136 seroitute.

246 1197 259 1244 1
381 1177 559 1241 LXXVIII.
606 1176 776 1242 Sententiis
799 1174 892 1240 dictis
914 1177 1116 1256 constituunt,
1139 1182 1174 1240 ut
1196 1176 1229 1258 ii,
1261 1178 1314 1258 qui

278 1278 459 1345 valetudine
481 1285 537 1343 aut
557 1284 661 1342 aetate
683 1278 809 1342 inutiles
833 1278 895 1343 sint
914 1279 1007 1359 bello,
1024 1277 1140 1362 oppido
1156 1273 1316 1344 excedant

195 1392 197 1396 ’
278 1389 373 1464 atque
396 1382 502 1446 omnia
523 1382 610 1465 prius
634 1372 846 1464 experiantur,
872 1402 965 1463 quam
988 1379 1030 1444 ad
1047 1381 1222 1464 Critognati
1244 1403 1313 1447 sen-

244 1485 409 1553 atentiam
432 1483 639 1568 descendant,
663 1485 716 1548 illo
739 1490 845 1548 tamen
867 1484 971 1568 potius
998 1483 1151 1548 utendum
1174 1486 1315 1566 consilio,

278 1589 305 1654 si
326 1608 377 1653 res
400 1594 491 1672 cogat
512 1594 609 1670 atque
630 1587 750 1652 auxilia
772 1593 941 1668 morentur,
965 1607 1059 1668 qnam
1075 1593 1130 1650 aut
1145 1586 1317 1654 deditionis

243 1698 333 1761 sant
353 1692 442 1775 pacis
472 1689 669 1757 subeundam
699 1688 925 1755 condicionem.
971 1689 1144 1771 Mandubii,
1176 1691 1229 1771 qui
1259 1711 1316 1756 eos

277 1793 393 1880 oppido
415 1801 608 1878 receperant,
633 1814 704 1858 cum
727 1794 834 1859 liberis
863 1800 959 1875 atque
980 1793 1132 1858 uxoribus
1156 1794 1242 1858 exire
1266 1815 1314 1860 oo-

242 1903 402 1983 4guntur.
434 1898 467 1962 hi
490 1919 561 1963 cum
583 1897 626 1961 ad
648 1897 837 1961 munitiones
859 1897 1071 1960 Romanorum
1094 1897 1313 1980 accessissent,

277 2001 388 2066 flentes
418 2001 563 2067 omnibus
592 2001 738 2084 precibus
769 2002 910 2081 orabant,
941 2006 976 2064 ut
1004 2019 1039 2064 se
1068 2000 1102 2064 in
1129 2000 1313 2065 servitutem

242 2111 419 2188 treceptos
442 2105 511 2170 cibo
533 2105 687 2169 iuvarent.
722 2109 755 2167 at
779 2103 895 2168 Caesar
918 2101 1077 2185 dispositis
1100 2102 1133 2166 iu
1156 2104 1239 2167 vallo
1263 2124 1313 2168 cu-

277 2207 419 2272 stodibus
441 2207 538 2289 recipi
560 2205 757 2289 prohibebat.

244 2331 257 2378 1
380 2309 527 2373 LXXIX.
573 2310 699 2372 Interea
723 2307 881 2373 Commius
909 2307 1083 2390 reliquique
1113 2307 1218 2390 duces,
1247 2309 1314 2392 qui·

276 2413 336 2478 bus
359 2431 482 2475 summa
504 2410 627 2494 imperii
649 2410 804 2494 permissa
827 2416 902 2494 erat,
934 2431 1005 2475 cnm
1036 2412 1182 2476 omnibus
1212 2412 1313 2496 copiis

276 2513 318 2579 ad
339 2513 479 2578 Alesiam
507 2513 696 2598 perveniunt
726 2519 757 2578 et
787 2514 865 2578 colle
896 2513 1050 2578 exteriore
1073 2521 1224 2598 occupato
1246 2535 1311 2580 non

158 2697 161 2704 Ι
276 2617 400 2700 longius
422 2617 507 2680 mille
528 2616 675 2700 passibus
696 2617 867 2680 abnostris
890 2616 1117 2682 munitionibus
1134 2617 1311 2684 considunt.

243 2726 400 2806 apostero
423 2719 474 2783 die
497 2719 637 2800 equitatu
661 2739 701 2783 ex
725 2717 835 2784 eastris
858 2717 970 2784 educto
997 2739 1123 2784 omnem
1147 2740 1217 2784 eam
1246 2721 1311 2804 pla·

277 2823 401 2902 niciem,
425 2841 519 2903 quam
541 2823 574 2885 in
596 2821 826 2906 longitudinem
846 2821 905 2886 tria
927 2822 1015 2886 milia
1029 2841 1179 2906 passuum
1201 2829 1313 2906 patero

277 2924 569 3004 demonstravimus,
601 2925 758 3008 complent
790 2924 1015 3008 pedestresque
1046 2925 1152 3009 copias
1181 2927 1310 3009 paulum

242 3029 317 3097 aab
342 3048 378 3093 00
400 3028 467 3093 1000
490 3026 615 3091 abditas
636 3027 670 3091 in
692 3027 769 3091 loeis
789 3028 1001 3110 superioribus
1017 3028 1218 3093 constituunt.
1243 3037 1311 3094 erat

277 3152 318 3196 ex
341 3129 455 3214 oppido
477 3129 585 3194 Alesia
608 3129 774 3213 despectus
796 3130 830 3193 in
853 3150 1008 3213 eampum.
1052 3137 1239 3196 concurrunt
1261 3131 1326 3196 his

276 3234 404 3298 auxiliis
426 3233 516 3316 visis;
540 3232 576 3296 fit
597 3232 765 3316 gratulatio
780 3233 862 3296 inter
878 3252 931 3296 eos
946 3239 1041 3314 atque
1057 3233 1196 3297 omnium
1212 3234 1309 3298 animi

242 3336 318 3406 cad
351 3336 503 3400 laetitiam
538 3335 724 3400 excitantur.
770 3335 877 3417 itaque
910 3334 1070 3419 productis
1104 3336 1201 3419 copiis
1235 3344 1314 3400 ante

276 3439 427 3524 oppidum
449 3437 617 3503 considunt
633 3445 663 3502 et
678 3440 855 3522 proximam
875 3438 992 3503 fossam
1011 3440 1148 3504 cratibus
1163 3440 1310 3524 iptegunt

276 3549 371 3624 atque
394 3561 511 3625 aggere
534 3542 664 3625 explent
687 3561 783 3623 seque
806 3541 1059 3625 ademptionem
1081 3549 1177 3625 atque
1200 3563 1312 3609 omnes

277 3665 369 3710 casus
393 3651 585 3728 comparant.

240 3769 258 3815 5
379 3748 511 3812 LXXX.
537 3747 653 3813 Caesar
668 3747 752 3811 omni
776 3747 915 3811 exercitu
937 3747 979 3811 ad
1001 3753 1166 3831 utramque
1188 3755 1310 3832 partem

277 3850 486 3914 munitionum
509 3849 669 3933 disposito,
693 3856 736 3930 ut,
760 3850 787 3914 si
810 3870 885 3915 usus
908 3851 1025 3934 veniat,
1056 3871 1147 3916 suum
1178 3853 1314 3934 quisquc
