2936 4192
260 227 298 286 72
568 245 615 298 DE
637 243 749 300 BELLO
771 245 923 301 GALLICO

258 414 413 493 licaretur,
439 415 557 480 milites
580 417 680 482 nostri
706 417 832 500 pristini
856 418 918 484 diei
949 419 1082 504 perfidia
1106 420 1229 485 incitati
1254 421 1287 485 in

220 523 355 583 acastre
379 518 570 603 irruperunt.
618 538 678 603 quo
707 520 784 600 loco,
817 521 870 604 qui
897 521 1041 587 celeriter
1066 543 1152 587 arma
1177 543 1287 606 capere

257 626 440 704 potuerunt,
459 620 617 706 paulisper
633 623 751 688 nostris
767 623 955 689 restiterunt
973 629 1066 708 atque
1083 627 1167 691 inter
1183 645 1286 690 carros

223 736 238 786 s
256 715 545 800 impedimentaque
574 719 726 802 proelium
749 720 984 804 commiserunt;
1014 721 1191 803 etreliqua
1213 723 1286 786 mul-

255 818 355 883 titudo
378 839 543 904 puerorum
565 821 792 904 mulierumque
815 859 857 868 -
879 843 954 886 nam
970 843 1041 888 cum
1056 824 1201 890 omnibus
1224 825 1289 889 suis

255 919 347 987 domo
370 928 572 987 excesserant
593 922 801 1006 Rhenumque
823 925 1013 989 transierant
1035 963 1078 972 —-
1103 925 1222 1008 passim
1244 925 1287 990 fu·

255 1043 331 1107 gere
347 1024 462 1108 coepit;
478 1023 519 1088 ad
535 1044 612 1107 quos
629 1025 855 1090 consectandos
872 1026 990 1091 Caesar
1006 1027 1178 1108 equitatum
1194 1027 1286 1092 misit.
1328 1098 1331 1102 ,

224 1145 236 1192 1
335 1127 427 1191 XV.
474 1125 623 1192 Germani
653 1135 724 1211 post
753 1134 875 1212 tergum
906 1129 1040 1194 clamore
1069 1127 1187 1210 audito,
1218 1149 1287 1194 cunr

193 1249 195 1253 ·
256 1245 328 1292 suos
351 1227 483 1292 interfici
506 1226 660 1311 viderent,
683 1231 778 1295 armis
801 1231 933 1296 abiectis
962 1231 1125 1316 signisque
1151 1231 1287 1296 militari·

146 1361 149 1367 ¹
173 1403 178 1412 ,
222 1329 315 1398 abus
336 1329 452 1394 relictis
475 1349 509 1395 se
533 1349 574 1394 ex
597 1333 706 1397 castris
730 1333 889 1398 eiecerunt
912 1339 952 1414 et,
976 1333 1111 1398 eumad
1134 1332 1287 1398 confluen-

257 1438 320 1496 tem
334 1433 441 1498 Mosae
456 1439 488 1497 et
502 1432 606 1498 Rheni
620 1435 849 1517 pervenissent,
872 1435 993 1516 reliqua
1015 1434 1091 1519 fuga
1111 1434 1286 1518 desperata,

256 1555 371 1619 magno
393 1554 522 1599 numero
545 1535 719 1616 interfecto,
742 1536 853 1617 reliqui
877 1555 911 1600 se
933 1536 966 1600 in
993 1535 1110 1600 llumen
1138 1535 1287 1626 praecipi-

256 1644 401 1702 taverunt
423 1643 518 1720 atque
539 1637 585 1702 ibi
597 1637 720 1719 timore,
735 1636 930 1719 lassitudine,
946 1637 979 1702 vi
994 1637 1132 1703 fluminis
1147 1640 1285 1722 oppressi

223 1761 237 1809 a
255 1739 424 1825 perierunt.
469 1739 568 1805 nostri
590 1738 632 1804 ad
653 1760 751 1805 unum
773 1760 882 1805 omnes
910 1741 1092 1821 incolumes,
1122 1741 1288 1825 perpaucis

256 1843 436 1924 vulneratis,
466 1863 506 1908 ex
536 1842 615 1907 tanti
645 1841 719 1908 belli
741 1842 861 1923 timore,
889 1863 960 1906 oum
982 1841 1118 1907 hostium
1140 1862 1288 1906 numerus
1378 1913 1380 1916 ,

257 1945 394 2030 capitum
418 1941 619 2012 CCCCXXX
641 1945 761 2008 milium
783 1943 903 2025 fuisset,
928 1964 962 2010 se
983 1944 1017 2008 in
1041 1951 1144 2009 castra
1164 1964 1287 2028 recepe-

222 2054 337 2116 aaut.
384 2048 500 2113 Caesar
529 2048 578 2128 iis,
609 2067 686 2128 quos
712 2047 745 2110 in
769 2046 878 2111 castris
900 2047 1081 2128 retinuerat,
1105 2045 1285 2111 discedendi

119 2203 121 2207 ,
221 2155 444 2234 apotesiatem
478 2149 561 2214 fecit.
611 2149 655 2211 illi
689 2148 842 2232 supplicia
879 2149 1097 2230 cruciatusque
1131 2149 1286 2214 Gallorum

258 2252 357 2332 veriti,
382 2271 512 2332 quorum
533 2269 627 2334 agros
642 2256 846 2332 vexaverant,
870 2270 1033 2315 remanere
1056 2270 1090 2316 se
1109 2249 1194 2335 apud
1218 2270 1286 2314 eum

258 2353 338 2418 velle
360 2351 517 2418 dixerunt.
562 2351 612 2418 his
635 2352 751 2417 Caesar
773 2351 949 2417 libertatem
973 2353 1136 2418 concessit.

225 2480 237 2526 r
360 2455 446 2520 XVI.
492 2455 678 2521 Germanico
707 2453 789 2520 bello
819 2455 961 2520 confecto
991 2455 1097 2520 multis
1124 2455 1164 2520 de
1188 2455 1288 2520 causis

258 2559 374 2625 Caesar
396 2557 505 2622 statuit
534 2556 594 2622 sibi
616 2555 762 2620 Rhenum
789 2575 862 2621 esse
887 2556 1127 2642 transeundum3
1159 2577 1287 2639 quarum

257 2661 310 2725 illa
340 2659 399 2724 fuit
428 2657 608 2740 iustissima,
640 2657 732 2740 quod,
764 2678 834 2722 oum
864 2658 987 2724 videret
1017 2659 1190 2724 Germanos
1224 2665 1286 2722 tam
1333 2681 1337 2690 ·

258 2764 349 2829 facile
371 2763 498 2847 impelli,
521 2762 611 2826 utin
634 2761 768 2826 Galliam
783 2761 936 2842 venirent,
961 2763 1025 2826 suis
1050 2782 1174 2844 quoque
1197 2764 1289 2827 rebus

259 2886 311 2932 eos
341 2866 451 2930 timere
472 2865 579 2945 voluit,
607 2883 678 2928 cum
699 2863 928 2946 intellegerent,
953 2870 983 2928 et
1005 2884 1098 2948 posse
1121 2870 1152 2928 et
1172 2863 1289 2936 ,audere

223 2968 363 3052 apopuli
401 2967 534 3032 Romani
573 2965 746 3030 exercitum
782 2964 929 3028 Rhenum
968 2965 1112 3030 transire.
1158 2966 1289 3030 accessit

259 3070 362 3151 etiam,
387 3068 469 3151 quod
492 3068 544 3132 illa
566 3086 639 3151 pars
655 3067 812 3154 equitatus
828 3067 993 3150 Usipetum
1010 3074 1041 3132 et
1056 3070 1289 3147 Tencterorum,

259 3192 352 3255 quam
364 3191 458 3256 supra
470 3169 710 3236 commemoravi
721 3168 896 3253 praedandi
908 3169 1184 3252 frumentandique
1197 3189 1289 3234 causa

258 3275 376 3339 Mosam
404 3271 553 3337 transisse
584 3291 686 3354 neque
715 3271 832 3354 proelio
862 3270 1053 3352 interfuisse,
1083 3277 1154 3356 post
1184 3271 1288 3355 fugam

258 3397 383 3442 suorum
398 3396 435 3442 se
447 3381 534 3440 trans
549 3374 694 3438 Rhenum
714 3373 747 3437 in
767 3373 847 3439 fines
863 3373 1108 3457 Sugambrorum
1130 3379 1288 3457 receperat

223 3498 355 3560 aseque
378 3499 448 3543 oum
470 3478 509 3542 iis
533 3477 748 3542 coniunxerat.
779 3474 821 3540 ad
844 3495 921 3558 quos
946 3495 1015 3540 curn
1033 3475 1150 3541 Caesar
1165 3473 1290 3538 nuntios

258 3559 404 3663 misisset,
429 3581 482 3664 qui
504 3580 707 3666 postularent,
731 3598 793 3660 eos,
818 3579 871 3661 qui
892 3578 952 3644 sibi
969 3579 1152 3660 Galliaeque
1175 3577 1288 3643 bellum

258 3685 446 3766 intulissent,
470 3683 531 3748 sibi
558 3681 718 3762 dederent,
749 3680 990 3764 responderunt:
1021 3681 1129 3765 populi
1158 3678 1289 3746 Romani

223 3788 424 3872 simperium
447 3785 593 3854 Rhenum¹
614 3783 718 3848 finire:
742 3783 768 3848 si
791 3802 825 3848 se
848 3783 947 3847 invito
971 3783 1143 3848 Germanos
1166 3783 1199 3846 in
1223 3780 1290 3847 Gal-
