2966 4196
245 197 286 262 88
581 214 631 269 DII
648 214 763 270 BELLO
782 213 943 270 GALLICO

211 408 224 455 1
347 389 417 452 VII.
457 387 527 464 Qua
548 408 582 452 re
605 386 732 470 cognita
752 388 879 470 (laesar,
903 386 987 470 quod
1008 395 1131 452 tantum
1155 387 1275 452 civitati

243 488 374 554 Aeduae
397 489 560 572 dignitatis
582 488 749 572 tribuebat,
774 489 979 554 ooeroendum
1001 495 1096 572 atque
1119 490 1274 555 deterren-

245 591 329 674 dum,
352 592 599 675 quibuscumque
620 592 714 657 rebus
733 597 849 676 posset,
872 591 1098 675 Dumnorigem
1118 592 1275 658 statuebat

211 699 286 776 aet,
309 693 393 777 quod
414 695 538 778 longius
553 695 620 760 eius
641 694 812 759 amentiam
834 693 980 778 progredi
995 693 1134 778 videbat,
1157 695 1274 779 prospi-

210 796 401 880 soiendum,
423 818 464 863 ne
487 796 563 881 quid
584 797 645 862 sibi
667 817 705 862 ao
726 797 917 881 reipublicae
939 816 1052 862 nocere
1073 804 1188 882 posset.
1218 797 1274 862 ita-

245 918 306 982 que
339 898 406 965 dies
439 900 561 965 eireiter
593 900 686 965 XXV
717 899 752 964 in
782 919 819 965 eo
848 899 916 965 loeo
947 907 1163 984 eommoratus,
1191 899 1274 984 quod

246 1002 343 1067 Corus
376 1008 491 1068 ventus
523 1002 759 1086 navigationem
792 1001 1001 1086 impediebat,
1035 1003 1089 1086 qui
1125 1023 1274 1086 magnam

243 1110 366 1188 partem
387 1106 489 1170 omnis
503 1105 652 1189 temporis
673 1105 707 1169 in
729 1104 779 1169 his
797 1105 874 1170 loeis
888 1104 966 1169 flare
982 1105 1154 1189 consuevit,
1177 1105 1274 1170 dabat

245 1227 381 1292 operam,
411 1213 446 1272 ut
466 1208 500 1272 in
523 1207 625 1272 officio
647 1207 875 1290 Dumnorigem
898 1207 1080 1291 contineret,
1109 1207 1208 1273 nihilo
1230 1214 1273 1272 ta-

210 1329 317 1377 amen
340 1311 442 1376 seoius
465 1311 571 1376 omnia
593 1310 659 1375 eius
683 1309 813 1375 oonsilia
828 1315 1044 1394 eognosoeret3
1067 1310 1196 1375 tandem
1210 1310 1273 1374 ido·

244 1431 337 1478 neam
359 1419 469 1478 naotus
492 1417 710 1497 tempestatem
733 1412 849 1478 milites
865 1412 1048 1495 equitesque
1063 1413 1272 1478 oonsoendere

210 1535 344 1582 snaves
366 1515 461 1580 iubet.
492 1521 526 1579 at
548 1515 687 1580 omnium
708 1515 868 1598 impeditIs
882 1515 996 1580 animis
1010 1515 1186 1580 Dumnorix
1202 1535 1271 1580 oum

213 1610 215 1614 ’
244 1617 400 1700 equitibus
421 1618 602 1684 Aeduorum
623 1637 645 1682 a
670 1618 781 1683 eastris
808 1617 961 1682 insoiente
984 1618 1119 1684 Caesare
1146 1618 1270 1683 domum

210 1719 405 1802 odiseedere
443 1721 555 1806 eoepit.
600 1741 663 1804 qua
695 1721 907 1803 renuntiata
941 1721 1058 1787 Caesar
1093 1721 1271 1786 intermissa

243 1822 436 1906 profectione
457 1830 552 1907 atque
567 1823 713 1889 omnibus
734 1823 829 1888 rebus
844 1823 1026 1907 postpositis
1041 1843 1189 1906 magnam
1203 1843 1271 1908 par·

242 1930 307 1990 tem
337 1926 492 2008 equitatus
526 1925 568 1992 ad
598 1945 670 1990 eum
702 1924 932 2008 insequendum
965 1925 1060 1988 mittit
1091 1924 1270 2008 retrahique

209 2027 388 2112 simperat;
412 2029 439 2093 si
453 2029 519 2094 vim
533 2028 629 2094 faeiat
650 2048 754 2111 neque
775 2034 895 2112 pareat,
918 2027 1052 2092 interiioi
1073 2028 1169 2112 iubet,
1192 2028 1270 2093 nihil

242 2129 327 2194 hune
348 2150 383 2196 se
404 2131 536 2196 absente
558 2151 614 2214 pro
637 2150 714 2195 sano
736 2130 891 2194 facturum
911 2131 1089 2212 arbitratus,
1110 2131 1163 2213 qui
1183 2151 1271 2215 prae·

208 2233 340 2297 ssentis
362 2233 527 2316 imperium
548 2233 752 2316 neglexisset.
796 2233 849 2297 ille
875 2239 981 2298 autem
1007 2241 1171 2299 revocatus
1197 2235 1270 2301 resi·

242 2339 324 2399 stere
346 2355 385 2399 ae
407 2354 441 2400 se
462 2355 559 2400 manu
582 2333 753 2400 defendere
776 2355 964 2418 suorumque
985 2335 1081 2401 fidem
1103 2337 1269 2422 implorare

242 2437 354 2522 eoepit,
378 2457 473 2522 saepe
495 2437 668 2522 clamitans,
691 2437 824 2502 liberum
847 2458 881 2502 se
903 2439 1083 2522 liberaeque
1104 2459 1174 2506 esse
1196 2441 1270 2506 eivi-

207 2539 324 2622 statis.
369 2540 424 2624 illi,
453 2546 488 2605 ut
517 2547 584 2605 erat
613 2529 813 2624 imperatum,
848 2541 1078 2607 circumsistunt
1110 2531 1286 2608 hominem

240 2648 334 2726 atque
356 2642 560 2727 interfioiunt;
582 2649 616 2707 at
639 2643 760 2724 equites
779 2643 883 2708 Aedui
904 2642 947 2707 ad
969 2644 1137 2709 Caesarem
1160 2665 1268 2710 omnes

240 2751 445 2811 revertuntur.

208 2869 221 2917 1
342 2849 429 2914 VIII.
460 2850 518 2915 His
540 2849 634 2916 rebus
652 2849 760 2934 gestis,
783 2849 924 2914 Labieno
947 2849 980 2913 in
1003 2850 1182 2915 continente
1197 2871 1268 2915 oum

238 2952 338 3017 tribus
366 2953 543 3036 legionibus
575 2957 606 3016 et
636 2953 776 3036 equitum
802 2952 928 3018 milibus
950 2951 1072 3018 duobus
1093 2953 1210 3037 relioto,
1233 2959 1268 3018 ut

238 3061 345 3138 portus
366 3061 505 3120 tueretur
527 3061 559 3120 et
573 3075 640 3120 rem
654 3055 890 3120 frumentariam
912 3055 1113 3140 provideret„
1125 3075 1267 3138 quaeque

238 3158 272 3222 in
295 3158 397 3223 Gallia
419 3164 610 3242 gererentur,
635 3163 837 3241 oognosoeret
860 3158 1084 3240 consiliumque
1110 3179 1167 3242 pro
1193 3165 1267 3222 tem-

204 3280 314 3345 apore
337 3265 369 3324 et
389 3280 446 3344 pro
468 3281 502 3325 re
526 3267 661 3346 caperet,
692 3263 761 3346 ipse
784 3280 855 3326 eum
877 3261 1015 3344 quinque
1036 3261 1213 3343 legionibus
1236 3267 1267 3324 et

237 3363 306 3447 pari
327 3383 458 3428 numero
480 3365 629 3447 equitum,
653 3384 745 3446 quem
767 3365 800 3428 in
823 3363 996 3428 continenti
1018 3363 1195 3445 reliquerat,
1225 3363 1267 3426 ad

171 3487 180 3504 ³
237 3465 311 3530 solis
334 3485 480 3531 ooeasum
501 3486 600 3532 naves
615 3467 709 3532 solvit
724 3473 756 3532 et
770 3467 834 3531 leni
848 3465 955 3530 Africo
971 3471 1146 3549 provectus,
1163 3465 1267 3530 media

237 3569 359 3634 oiroiter
387 3575 479 3634 noste
508 3576 603 3634 vento
634 3570 825 3654 intermisso,
856 3589 981 3635 oursum
1008 3588 1071 3633 non
1101 3569 1202 3632 tenuit
1236 3573 1267 3632 et

235 3673 359 3757 longius
383 3671 505 3738 delatus
526 3679 616 3738 aestu
638 3678 706 3737 orta
734 3673 804 3736 luoe
834 3673 892 3738 sub
923 3673 1049 3738 sinistra
1071 3671 1266 3734 Britanniam

202 3777 375 3842 arelietam
406 3777 579 3860 conspexit.
626 3782 693 3840 tum
722 3794 826 3840 rursus
855 3781 962 3840 aestus
992 3773 1265 3838 commutationem

1472 2837 1479 3230 l
