2960 4192
254 208 324 274 202,
593 222 642 276 DE
659 221 776 278 BELLO
794 221 955 278 GALLICO

253 401 328 461 ante
362 415 433 461 cum
466 395 686 460 resistentibus
715 394 885 460 fortissime
916 393 1134 480 conflixerant,
1168 396 1296 462 laetitia

216 575 219 580 ,
253 500 404 566 victoriae
427 499 500 564 elati
522 519 638 583 magno
665 497 804 582 undique
835 499 970 564 clamore
998 499 1123 564 sublato
1153 499 1296 565 cedenti-

254 602 313 668 bus
333 601 522 686 circumfusi,
546 607 698 685 quantum
714 621 864 684 equorum
879 602 963 666 vires
978 600 1019 665 ad
1035 601 1293 685 persequendum

254 705 448 789 dextraeque
470 706 512 770 ad
534 704 730 770 caedendum
752 705 870 788 valent,
894 711 1015 770 tantum
1040 725 1077 770 eo
1103 706 1220 790 proelio
1242 707 1294 772 in-

221 808 419 876 sterficiunt.
465 808 572 891 itaque
601 809 736 893 amplius
765 808 892 874 milibus
920 809 985 873 XII
1013 815 1069 874 aut
1098 816 1293 874 armatorum

254 917 308 976 aut
338 931 453 996 eorum,
486 912 539 994 qui
570 930 607 978 eo
637 911 747 976 timore
770 931 858 976 arma
879 911 1086 997 proiecerant,
1113 911 1292 978 interfectis

254 1015 356 1081 omnis
378 1014 544 1080 multitudo
568 1013 688 1099 capitur
711 1013 1016 1099 impedimentorum.

221 1138 234 1185 1
356 1119 461 1182 XXX.
508 1116 579 1193 Qua
613 1137 654 1182 ex
687 1117 765 1199 fuga
798 1137 869 1182 cum
903 1123 1061 1182 constaret
1093 1119 1291 1202 Drappetem

254 1221 421 1304 Sencnem,
446 1221 508 1304 qui,
531 1225 566 1284 ut
588 1219 724 1304 primum
747 1218 905 1285 defecerat
928 1219 1040 1303 Gallia,
1073 1220 1211 1286 collectis
1232 1241 1291 1286 un-

254 1322 348 1406 dique
371 1321 504 1408 perditis
533 1321 723 1404 hominibus,
755 1323 854 1388 servis
884 1321 927 1388 ad
955 1322 1133 1388 libertatem
1155 1323 1289 1406 vocatis,

255 1425 400 1492 exulibus
429 1425 568 1490 omnium
599 1424 761 1490 civitatum
794 1425 910 1509 ascitis,
944 1425 1080 1510 receptis
1112 1426 1291 1493 latronibus

253 1527 479 1612 impedimenta
502 1533 533 1593 et
556 1534 747 1593 commeatus
762 1529 973 1593 Romanorum
986 1529 1206 1613 interceperat,
1223 1550 1289 1594 non

253 1632 388 1716 amplius
403 1632 565 1697 hominum
576 1632 702 1697 milibus
714 1652 755 1695 ex
771 1630 848 1716 fuga
859 1632 997 1714 quinque
1010 1632 1148 1698 collectis
1163 1633 1289 1716 provin-

254 1735 335 1800 ciam
354 1743 471 1820 petere,
492 1755 618 1818 unaque
639 1735 802 1800 consilium
826 1755 896 1799 cum
921 1755 957 1800 eo
974 1735 1154 1800 Lucterium
1171 1735 1288 1802 Cadur-

254 1859 325 1904 cum
355 1841 486 1924 cepisse,
517 1859 610 1922 quem
633 1839 793 1923 superiore
816 1839 1038 1903 commentario
1061 1839 1163 1923 prima
1185 1839 1288 1904 defec

253 1943 338 2007 tiene
351 1943 471 2008 Galliae
486 1941 591 2007 facere
606 1942 639 2006 in
654 1941 849 2026 provinciam
861 1941 998 2006 voluisse
1014 1942 1166 2026 impetum
1183 1943 1287 2027 cogni·

219 2054 320 2114 atum
343 2053 399 2130 est,
424 2045 576 2112 Caninius
598 2045 722 2128 legatus
738 2065 808 2110 cum
830 2044 1009 2128 legionibus
1031 2045 1154 2112 duabus
1169 2045 1211 2110 ad
1233 2067 1287 2113 ecs

253 2147 485 2234 persequendos
495 2147 664 2232 contendit,
677 2169 718 2214 ne
726 2149 913 2214 detrimento
922 2155 976 2214 aut
985 2149 1095 2214 timore
1104 2149 1287 2234 provinciae

252 2272 370 2336 magna
383 2251 516 2316 infamia
529 2251 720 2335 perditorum
740 2251 901 2316 hominum
920 2253 1090 2318 latrociniis
1113 2259 1285 2336 caperetur.

221 2377 232 2424 1
356 2355 476 2418 XXXI.
530 2353 627 2419 Gaius
661 2355 779 2420 Fabius
814 2375 885 2420 oum
921 2355 1040 2438 reliquo
1074 2355 1215 2420 exercitu
1251 2357 1286 2422 in

255 2459 408 2524 Carnutes
439 2464 622 2540 ceterasque
655 2458 861 2542 proficiscitur
895 2458 1048 2540 civitates,
1083 2479 1215 2542 quarum
1249 2479 1286 2524 eo

252 2561 380 2647 proelio,
405 2561 488 2646 quod
511 2582 581 2628 cum
603 2562 767 2628 Dumnaco
789 2561 917 2646 fecerat,
946 2563 1052 2646 copias
1075 2582 1144 2628 esse
1166 2563 1287 2629 accisas

219 2666 381 2734 asciebat.
428 2687 491 2731 non
526 2665 610 2731 enim
644 2664 821 2749 dubitabat,
853 2665 929 2748 quin
959 2665 1078 2730 recenti
1108 2666 1286 2730 calamitate

253 2770 470 2836 submissiores
494 2775 600 2835 essent
622 2768 756 2853 futurae,
780 2769 853 2834 dato
869 2788 944 2834 vero
960 2769 1062 2853 spatio
1085 2789 1123 2832 ac
1145 2777 1286 2853 tempore

220 2872 364 2940 scudem
397 2873 569 2956 instigante
596 2873 760 2936 Dumnaco
794 2879 923 2956 possent
957 2871 1114 2937 concitari.
1161 2891 1224 2953 qua
1252 2872 1285 2936 in

253 2997 287 3040 re
310 2997 432 3041 summa
453 2975 587 3040 felicitas
610 2975 816 3057 celeritasque
838 2975 871 3038 in
894 2974 1083 3059 recipiendis
1106 2974 1285 3039 civitatibus

253 3079 387 3144 Fabium
418 3079 625 3161 consequitur.
672 3098 746 3142 nam
777 3079 939 3162 Carnutes,
971 3078 1024 3160 qui
1053 3096 1149 3161 saepe
1179 3077 1286 3142 vexati

253 3201 425 3264 numquam
446 3181 534 3264 pacis
556 3179 698 3244 fecerant
720 3181 920 3264 mentionem,
945 3179 1027 3245 datis
1051 3179 1213 3246 obsidibus
1236 3200 1286 3245 ve

254 3285 345 3348 niunt
367 3284 398 3348 in
423 3283 624 3367 deditionem,
649 3290 833 3366 ceteraeque
849 3284 993 3350 civitates
1015 3284 1137 3368 positae
1164 3283 1197 3347 in
1219 3283 1287 3348 ulti-

220 3412 235 3456 r
255 3387 314 3453 mis
330 3387 451 3453 Galliae
473 3385 598 3470 finibus,
623 3386 749 3452 Oceano
773 3387 967 3467 coniunctae,
991 3406 1072 3470 quae
1087 3385 1287 3450 Aremoricae

255 3491 461 3576 appellantur,
484 3489 670 3554 auctoritate
693 3489 849 3554 adductae
873 3490 1045 3555 Carnutum
1068 3487 1208 3554 adventu
1230 3489 1288 3552 Fa

221 3615 235 3661 s
255 3594 298 3658 bii
321 3593 542 3677 legionumque
564 3593 720 3676 imperata
742 3593 810 3658 sine
832 3613 920 3658 mora
941 3592 1070 3658 faciunt.
1104 3593 1288 3658 Dumnacus

256 3699 319 3762 suis
341 3697 458 3760 finibus
481 3695 631 3780 expulsus
659 3715 766 3760 errans
795 3695 986 3780 latitansque
1016 3695 1100 3760 solus
1132 3700 1289 3758 extremas

256 3799 377 3862 Galliae
399 3798 544 3880 regiones
567 3804 674 3879 petere
698 3803 746 3860 est
769 3804 903 3862 coactus.
