2966 4196
385 243 445 307 158
716 259 765 312 DE
783 259 899 314 BELLO
917 259 1078 314 GALLICO

346 437 558 516 sexponunt:
583 431 704 514 equites
725 431 905 496 Aeduorum
936 431 1127 516 interiectos,
1158 433 1242 515 quod
1272 434 1411 499 collocuti

382 555 451 599 cum
480 534 632 599 Arvernis
662 532 854 619 dicerentur3
888 533 974 618 ipsos
1004 554 1038 599 se
1068 534 1151 600 inter
1182 536 1411 600 multitudinem

345 659 361 705 o
381 638 514 702 militum
536 637 710 702 occultasse
732 643 827 720 atque
850 657 891 702 ex
914 637 1019 702 media
1042 637 1139 703 caede
1169 638 1297 722 fugisse.
1344 660 1412 704 con·

382 741 517 804 clamant
532 738 635 805 Aedui
656 745 686 804 et
705 739 900 804 Litaviccum
923 739 1098 824 obsecrant,
1121 747 1156 807 ut
1178 742 1240 806 sibi
1262 743 1410 807 consulat.

346 843 476 927 tqaucc'
497 864 580 920 cero,
611 841 713 925 inquit
743 842 805 925 ille,
837 841 969 904 concilii
990 843 1034 904 cit
1057 865 1118 921 res,
1142 857 1185 906 'oc
1207 866 1271 907 uon
1293 866 1412 908 necesse

379 947 421 1008 eit
444 945 535 1008 cobis
555 943 744 1030 Gergouiam
766 944 952 1008 contendere
975 955 1004 1008 et
1026 967 1097 1008 cum
1115 945 1273 1009 Arvernis
1295 958 1412 1010 nosmet
1475 947 1476 1018 l

344 1048 580 1133 seoniunpere.
626 1069 670 1108 aa
698 1046 896 1125 dubitamus,
924 1048 1003 1132 quin
1030 1047 1162 1132 nefario
1178 1047 1334 1132 facinore
1356 1050 1411 1112 od·

378 1150 473 1214 mirso
502 1151 642 1213 Romani
672 1149 739 1212 iam
768 1149 814 1212 ad
842 1171 899 1213 noe
929 1149 1167 1231 interficiendos
1198 1153 1412 1215 concurrunt?

374 1252 526 1336 proinde,
549 1253 580 1314 si
595 1251 676 1336 quid
698 1251 735 1313 ia
749 1250 841 1314 nobie
857 1253 960 1314 animi
976 1263 1030 1329 est,
1048 1273 1287 1338 persequamur
1303 1275 1411 1317 eoram

377 1365 516 1432 mortem,
545 1355 602 1439 qui
629 1353 853 1440 indiqaisec'me
880 1355 1088 1432 interierunt,
1117 1365 1211 1440 atque
1235 1357 1289 1418 bos
1314 1355 1411 1419 latro·
1475 1399 1476 1440 3

343 1477 431 1524 enee
464 1457 706 1540 interficiamus.
751 1457 889 1522 ostendit
923 1457 1009 1522 cives
1041 1459 1216 1542 Romanos,
1253 1459 1308 1542 qui
1344 1459 1412 1524 cius
1475 1441 1476 1508 Ῠ

377 1561 525 1646 praesidii
547 1560 663 1625 fiducia
684 1581 749 1624 una
771 1566 874 1645 erent;
897 1581 1049 1644 magnum
1070 1581 1236 1626 numerum
1261 1562 1413 1627 frumenti
1475 1513 1476 1606 l

378 1669 630 1746 commeatusque
653 1663 769 1746 diripit,
792 1663 878 1747 ipsos
901 1662 1068 1728 crudeliter
1094 1664 1290 1728 excruciatos
1319 1664 1413 1729 inter-

304 1787 359 1855 ro
376 1766 450 1831 ficit.
495 1766 623 1831 nuntios
656 1771 722 1830 tote
756 1765 883 1830 civitate
912 1765 1093 1832 Aeduorum
1128 1765 1264 1850 dimittit,
1299 1767 1413 1832 eodem
1475 1809 1476 1830 r

376 1869 541 1935 mendacio
564 1869 603 1934 de
619 1868 717 1934 caede
733 1869 873 1952 equitum
889 1875 921 1934 et
939 1869 1118 1954 principum
1140 1875 1320 1954 permovet;
1343 1869 1414 1934 hor-

375 1978 468 2054 tatur,
491 1978 525 2036 ut
548 1972 641 2036 simili
663 1971 794 2055 ratione,
817 1977 913 2054 atque
935 1971 1004 2055 ipse
1026 1970 1146 2053 fecerit,
1177 1991 1250 2036 ruas
1280 1971 1414 2037 iniurias

376 2081 612 2158 persequantur.
1029 2151 1033 2160 .

321 2199 355 2263 ιι
477 2178 630 2241 XXXIX.
676 2176 870 2260 Eporedorix
897 2176 1037 2261 Aeduus,
1068 2197 1190 2242 summo
1220 2179 1287 2242 loco
1317 2184 1414 2243 nebus

290 2328 292 2333 -
375 2280 560 2345 adulescens
584 2285 615 2344 ct
637 2299 779 2344 summae
801 2278 886 2344 domi
908 2280 1079 2363 potentiae,
1103 2285 1135 2344 et
1157 2300 1222 2344 una
1236 2279 1415 2344 Viridoma-
1475 2323 1476 2332 ι

375 2403 437 2465 rus,
470 2383 540 2466 pari
571 2389 676 2473 aetate
710 2388 742 2446 et
774 2383 885 2466 gratie,
920 2381 977 2447 sed
1007 2402 1124 2465 genere
1154 2382 1282 2466 dispari,
1317 2402 1413 2464 quem

376 2487 492 2552 Caesar
519 2485 561 2549 ab
591 2484 748 2550 Divitiaco
779 2484 839 2549 sibi
868 2483 1018 2548 traditum
1049 2504 1089 2549 ex
1124 2484 1233 2549 humili
1267 2485 1335 2550 loco
1370 2485 1414 2548 ad

375 2609 529 2655 summam
550 2587 737 2672 dignitatem
759 2586 961 2671 perduxerat,
984 2587 1017 2651 in
1033 2588 1172 2670 equitum
1194 2607 1325 2652 numero
1341 2607 1414 2652 con—
1475 2631 1476 2662 ,

339 2697 527 2761 evenerant
549 2691 735 2756 nominatim
757 2692 798 2757 ab
823 2709 859 2755 eo
883 2690 1014 2755 evocati.
1046 2689 1096 2755 his
1119 2695 1185 2754 erat
1207 2690 1290 2755 inter
1311 2709 1347 2754 se
1371 2689 1416 2755 de

373 2796 552 2880 principatu
567 2793 735 2877 contentio,
759 2799 791 2858 et
810 2793 843 2858 in
865 2793 920 2857 illa
941 2793 1180 2876 magistratuum
1197 2792 1416 2858 controversia

373 2900 453 2964 alter
474 2919 531 2983 pro
554 2889 805 2979 Convictolitavi,
835 2897 914 2961 alter
943 2917 1000 2980 pro
1028 2896 1106 2962 Octo
1136 2895 1265 2960 summis
1296 2895 1417 2978 opibus

339 3006 602 3086 opugnaveraut.
648 3018 689 3064 ex
711 2997 761 3064 his
782 2998 978 3083 Eporedorix
1009 2999 1133 3082 cognito
1156 2997 1308 3062 Litavicci
1339 3017 1418 3062 con-

374 3105 442 3169 silio
463 3103 569 3168 media
590 3102 656 3167 fere
678 3108 770 3167 nocte
791 3122 859 3166 rem
880 3101 923 3166 ad
938 3102 1106 3168 Gaesarem
1129 3100 1244 3184 defert3
1268 3105 1347 3180 orat,
1371 3119 1419 3166 ne

324 3215 326 3220 ’
373 3205 510 3291 patiatur
533 3205 692 3270 civitatem
714 3205 822 3288 pravis
843 3204 1093 3269 adulescentium
1109 3203 1247 3269 consiliis
1269 3202 1310 3266 ab
1333 3203 1419 3266 ami-

374 3309 448 3373 citia
469 3308 577 3392 populi
590 3307 726 3372 Romani
747 3306 891 3390 deficere,
916 3306 999 3389 quod
1021 3305 1160 3370 futurum
1182 3303 1360 3389 provideat,
1386 3305 1420 3369 si

374 3431 408 3477 se
429 3417 475 3476 tot
496 3409 657 3476 homiuum
684 3410 770 3474 milia
800 3429 871 3474 cum
899 3409 1042 3474 hostibus
1073 3406 1304 3491 coniunxerint,
1336 3426 1420 3488 quo·

373 3535 441 3579 rum
471 3513 604 3578 salutem
633 3532 736 3595 neque
766 3513 935 3597 propinqui
964 3512 1134 3596 neglegere
1163 3528 1267 3592 neque
1294 3507 1420 3574 civitas
1475 3567 1476 3570 ,

373 3617 436 3682 levi
458 3622 617 3686 momento
639 3616 807 3680 aestimare
829 3621 946 3699 posset.

342 3743 351 3786 ι
476 3718 544 3782 XL.
588 3719 706 3800 Magna
727 3717 861 3782 affectus
883 3716 1091 3783 sollicitudine
1114 3716 1174 3781 hoc
1196 3713 1307 3779 nuntio
1331 3713 1421 3780 Cae-

375 3841 434 3904 sar,
459 3818 542 3902 quod
557 3838 681 3902 semper
695 3817 875 3885 Aeduorum
891 3819 1009 3884 civitati
1032 3818 1201 3902 praecipue
1223 3814 1421 3898 indulserat,
