2966 4196
484 271 592 328 COMM.
603 271 654 328 VL
673 272 755 328 cAP.
768 273 897 330 II-VII.
1143 260 1202 322 117

170 444 304 528 nequis
333 452 389 509 aut
415 465 456 510 ex
483 445 575 511 huius
601 445 765 512 iracundia
786 453 842 512 aut
863 467 905 513 ex
928 467 975 532 eo,
999 447 1083 530 quod
1105 468 1204 513 meru-

170 554 247 630 erat,
270 546 342 612 odio
365 546 502 612 civitatis
524 553 627 612 motus
651 548 791 614 exsistat.
827 549 877 615 his
899 552 993 617 rebus
1016 550 1237 632 constitutine

171 650 255 733 quod
287 671 344 735 pro
377 651 539 734 explorato
572 651 712 716 habebat
744 652 961 738 Ambiorigem
991 653 1109 738 proelio
1138 673 1202 719 non

171 773 240 819 esse
269 758 498 835 conuenturum,
528 753 650 836 reliqua
679 754 747 820 eius
777 755 907 832 consilia
935 757 1041 822 animo
1075 757 1202 822 circum-

107 899 109 904 ·
171 857 333 941 spiciebat.
379 863 469 921 erant
497 857 635 942 Menapii
664 857 832 942 propinqui
860 859 1043 926 Eburonum
1075 859 1237 943 finibus,4

170 959 331 1044 perpetuis
353 959 521 1044 paludibus
544 960 694 1042 silvisque
720 960 842 1042 muniti,
870 961 923 1044 qui
949 961 1005 1027 uni
1031 983 1072 1027 ex
1099 962 1202 1028 Gallia

169 1061 211 1128 de
232 1082 312 1146 pace
334 1061 376 1127 ad
399 1063 567 1128 Gaesarem
589 1063 709 1146 legatos
730 1083 904 1146 numquam
926 1065 1084 1130 miserant.
1130 1085 1201 1130 cum

170 1163 220 1231 his
241 1185 311 1232 esse
333 1165 503 1249 hospitium
523 1164 699 1249 Ambiorigi
721 1166 855 1252 sciebat3
877 1166 954 1232 item
970 1187 1033 1252 ¹per
1046 1169 1201 1233 lbeveros

169 1269 296 1335 venisse
319 1269 485 1335 Germanis
511 1269 544 1334 in
567 1267 739 1333 amicitiam
761 1275 961 1353 cognoverat.
1007 1270 1087 1336 haec
1112 1271 1233 1356 priuss

169 1371 214 1436 illi
243 1370 440 1436 detrahenda
470 1371 590 1436 auxilia
619 1371 831 1456 existimabat,
859 1392 954 1456 quam
984 1374 1088 1459 ipsum
1118 1374 1200 1440 bello

169 1476 347 1558 lacesseret,
369 1495 410 1540 nc
433 1473 600 1558 desperata
614 1475 714 1540 salute
732 1481 788 1540 aut
809 1495 844 1541 se
865 1474 899 1540 in
921 1475 1084 1561 Menapios
1106 1476 1200 1541 abde·

168 1584 217 1643 ret
237 1584 293 1643 aut
315 1598 385 1642 cum
400 1577 651 1644 Transrhenanis
673 1577 822 1662 congredi
837 1584 1008 1662 cogeretur.
1040 1579 1099 1644 hoc
1121 1579 1199 1644 inito
1217 1601 1232 1648 o

168 1681 299 1746 consilio
326 1680 420 1746 totius
447 1680 604 1744 exercitus
633 1680 860 1765 impedimenta
888 1680 931 1745 ad
959 1681 1135 1746 Labienum
1164 1682 1198 1746 in

166 1785 322 1849 ‘lheveros
337 1782 433 1847 mittit
448 1781 589 1865 duasque
611 1782 753 1866 legiones
767 1782 808 1848 ad
824 1803 897 1848 eum
918 1783 1073 1868 proficisci
1095 1785 1197 1869 iubet;

167 1888 237 1972 ipse
259 1907 329 1952 cum
352 1885 529 1970 legionibus
552 1885 709 1970 expeditis
731 1885 869 1968 quinque
890 1886 924 1950 in
946 1886 1108 1971 Menapios
1130 1908 1198 1971 pro·

167 1989 324 2056 ficiscitur.
370 1989 415 2054 illi
444 1989 531 2054 nulla
560 1995 668 2053 coacta
689 2009 786 2054 manu
807 1989 867 2054 loci
889 1989 1046 2074 praesidio
1068 1989 1141 2055 freti
1163 1990 1229 2058 inr

165 2093 264 2159 silvas
293 2091 487 2176 paludesque
516 2089 702 2174 confugiunt
731 2111 850 2175 suaque
880 2092 991 2158 eodem
1021 2092 1195 2160 conferunt.

269 2195 324 2260 VI.
370 2195 486 2261 Caesar
507 2194 631 2278 partitis
653 2194 752 2279 copiis
774 2215 845 2260 cum
868 2195 947 2262 Gaio
968 2193 1077 2272 Fabio,
1090 2196 1229 2279 legator

165 2305 199 2364 et
219 2299 324 2363 Marco
348 2298 460 2363 Crasso
484 2303 648 2380 quaestore
670 2297 875 2382 celeriterque
901 2299 1022 2364 effectis
1048 2299 1197 2383 pontibus

165 2401 233 2467 adit
254 2401 417 2484 tripertito,
440 2399 586 2467 aedificia
600 2399 749 2483 vicosque
771 2401 921 2486 incendit,
944 2422 1060 2485 magno
1075 2403 1197 2486 pecoris

163 2512 261 2588 atque
294 2502 457 2569 homiuum
489 2523 619 2568 numero
652 2503 778 2587 potitur.
823 2504 937 2586 quibus
968 2505 1063 2570 rebus
1097 2504 1229 2572 coactia

164 2605 303 2690 Menapii
331 2606 453 2690 legatos
481 2604 523 2670 ad
553 2625 625 2671 eum
652 2606 740 2690 pacis
761 2606 918 2691 petendae
941 2625 1036 2671 causa
1057 2606 1194 2670 mittunt.

163 2711 217 2776 ille
239 2707 403 2774 obsidibus
425 2707 564 2792 acceptis
583 2708 719 2774 hostium
735 2729 769 2774 se
784 2708 964 2774 habiturum
980 2727 1109 2772 numero
1125 2728 1195 2774 con·
1212 2730 1228 2778 s

163 2811 277 2896 firmat,
306 2811 333 2877 si
358 2817 414 2877 aut
434 2812 651 2896 Ambiorigem
676 2818 732 2877 aut
759 2812 825 2878 eius
847 2813 970 2895 legatos
991 2811 1108 2876 finibus
1129 2811 1195 2878 suis

163 2915 364 2999 recepissent.
409 2913 460 2998 his
482 2914 672 2981 confirmatis
693 2917 788 2980 rebus
812 2914 986 2981 Commium
1008 2914 1193 2980 Atrebatem
1211 2936 1228 2984 ι

163 3039 235 3085 cum
258 3017 399 3101 equitatu
421 3017 559 3083 custodis
580 3017 648 3082 loco
669 3017 703 3083 iu
718 3017 874 3101 Menapiis
888 3017 1045 3101 relinquit,
1069 3017 1138 3101 ipse
1159 3018 1193 3082 iu

161 3122 317 3186 Treveros
338 3119 552 3204 proficiscitur.

264 3223 335 3288 VH.
369 3225 454 3288 Dum
475 3222 556 3288 haec
576 3243 598 3288 a
620 3223 754 3289 Caesare
782 3230 942 3308 geruntur,
972 3225 1102 3290 Treveri
1131 3247 1226 3296 maa-1

160 3326 233 3412 gnis
249 3325 365 3391 coactis
387 3324 547 3410 peditatus
569 3325 789 3408 equitatusque
804 3326 902 3411 copiis
923 3327 1099 3394 Labienum
1122 3349 1192 3394 cum

160 3449 226 3495 una
246 3429 387 3514 legione,
405 3447 487 3512 quae
506 3428 541 3494 in
569 3448 676 3494 eorum
702 3428 819 3494 finibus
845 3429 1050 3514 hiemaverat,
1077 3431 1192 3497 adoriri

161 3533 326 3618 parabant,
350 3532 476 3614 iamque
498 3533 539 3597 ab
563 3552 600 3598 eo
622 3551 686 3597 uon
708 3532 832 3617 longius
859 3533 947 3598 bidui
969 3534 1022 3599 via
1049 3535 1225 3618 uberante

160 3655 232 3701 cum
259 3633 338 3701 duas
367 3635 493 3700 venisse
519 3635 660 3720 legiones
689 3635 786 3702 missu
814 3637 958 3702 Caesaris
988 3644 1189 3721 cognoscunt.

159 3739 270 3823 positis
293 3737 446 3804 castriso
471 3737 597 3804 milibus
623 3757 772 3823 passuum
794 3739 856 3804 XV
877 3739 997 3804 auxilia
1023 3739 1224 3810 Germano-c

159 3861 230 3906 rum
256 3846 442 3925 exspectare
466 3841 669 3908 constituunt.
714 3840 874 3906 Labienus
900 3841 1036 3908 hostium
1064 3843 1223 3926 cognitos
