2966 4196
329 189 331 192 Ι
379 238 485 294 ΟΟΜΜ.
495 237 556 294 VII.
575 237 657 292 GAP.
670 239 925 293 XXVII-XXXI.
1112 225 1173 289 153

136 415 341 499 acciperetur.
385 410 420 476 id
442 417 549 476 tamen
571 431 606 477 se
633 411 775 476 celeriter
801 411 972 478 maioribus
1003 413 1210 482 commodiso

136 524 330 583 sanaturum.
353 535 428 578 nam
451 533 531 595 quae
553 515 594 580 ab
618 513 746 596 reliquis
768 513 866 579 Galba
889 514 1035 580 civitates
1057 515 1210 584 disson-o

137 620 243 700 tirent,
269 618 328 684 lras
354 637 412 682 sna
438 616 604 701 diligentia
624 616 845 681 adiuncturum
866 625 962 700 atque
984 639 1083 683 unum
1106 639 1177 685 con-

137 722 243 788 silium
265 721 359 786 totius
375 719 496 785 Galliae
518 721 711 803 effecturum,
735 719 824 785 cuius
839 721 1007 786 consensui
1029 742 1070 787 ne
1092 723 1177 789 orbis

7 860 14 876 ·
138 823 267 907 quidem
295 830 448 888 terrarum
477 823 577 907 possit
607 823 773 907 obsistere;
803 821 899 905 idque
928 843 963 889 se
992 844 1090 908 prope
1112 827 1176 890 iam

138 928 286 992 effectum
313 925 439 991 habere.
469 925 590 990 interea
615 945 752 1008 aequum
778 946 849 991 esse
875 927 916 992 ab
939 925 979 993 iis
1002 929 1209 996 communior

139 1030 249 1096 salutis
264 1048 360 1093 cansa
373 1028 544 1112 impetrari,
567 1034 602 1092 ut
617 1033 720 1093 castra
734 1029 857 1093 munire
879 1029 1089 1112 instituerent,
1113 1049 1175 1112 quo

139 1132 262 1198 facilius
283 1132 465 1216 repentinos
487 1131 624 1196 bostium
646 1131 782 1215 impetus
804 1133 1003 1198 sustinerent.

242 1235 346 1299 XXX.
370 1234 444 1298 Fuit
466 1233 546 1298 haec
568 1235 666 1299 oratio
688 1254 752 1299 non
774 1235 900 1319 ingrata
923 1235 1030 1317 Gallis,
1055 1243 1087 1301 et
1112 1257 1207 1304 mar

139 1338 235 1422 xime,
264 1336 348 1420 qnod
372 1338 441 1421 ipsc
467 1337 573 1403 animo
601 1357 665 1402 non
687 1336 847 1402 defecerat
869 1335 957 1404 tanto
979 1347 1109 1424 accepto
1132 1341 1176 1404 in·

140 1440 302 1507 commodo
323 1460 427 1522 neque
449 1460 485 1506 sc
505 1440 540 1504 in
555 1441 711 1506 occultum
731 1440 897 1507 abdiderat
919 1449 951 1507 et
973 1441 1175 1527 conspectum

140 1543 348 1609 multitudinis
378 1542 516 1628 fugerat3
546 1543 679 1627 plusque
705 1543 811 1608 animo
840 1544 1006 1627 providere
1029 1551 1060 1610 et
1088 1565 1208 1629 prae-r

140 1647 257 1712 sentire
279 1646 529 1727 existimabatur,
575 1645 658 1728 quod
681 1666 715 1710 rc
737 1647 862 1730 integra
883 1647 984 1731 primo
1006 1647 1175 1713 incenden-

140 1748 215 1814 dum
241 1748 421 1829 Avaricum,
449 1754 520 1832 post
547 1747 757 1813 deserendum
785 1755 959 1813 censuerat.
1004 1750 1111 1832 itaque
1140 1755 1209 1817 uta

141 1853 327 1933 reliquorum
356 1851 580 1934 imperatorum
609 1870 660 1914 res
690 1849 844 1915 adversae
875 1852 1091 1916 auctoritatem
1120 1852 1175 1916 mi·

140 1960 250 2035 nuunt,
267 1954 312 2018 sic
327 1953 420 2018 huius
436 1973 477 2018 ex
493 1953 647 2018 contrario
671 1952 809 2036 dignitas
824 1952 1022 2020 incommodo
1045 1960 1174 2038 accepto

140 2058 173 2123 in
195 2056 264 2122 dies
286 2058 469 2139 angebatur.
516 2056 609 2120 simul
630 2055 664 2119 in
688 2075 776 2138 spem
798 2056 969 2120 veniebant
999 2057 1066 2122 eius
1092 2056 1174 2121 affir·
1192 2077 1208 2125 4

141 2161 277 2225 motione
299 2159 340 2224 de
361 2159 490 2241 reliquis
512 2157 724 2242 adiungendis
754 2159 947 2245 civitatibus,
977 2160 1175 2244 primumque

1 2330 3 2346 ,
121 2283 179 2333 ¹eo
200 2269 341 2346 tempore
364 2261 446 2327 Galli
470 2267 573 2326 castra
595 2261 716 2326 munire
738 2262 949 2348 instituerunt,
980 2270 1012 2329 et
1034 2264 1080 2328 sic
1102 2269 1175 2328 sunt

140 2366 244 2432 animo
260 2364 434 2430 confirmati
455 2363 598 2429 homines
620 2364 736 2428 insueti
758 2365 882 2450 laboris,
905 2372 940 2431 ut
955 2367 1069 2448 omnia,
1093 2387 1174 2449 quac

141 2469 377 2552 imperarentur,
400 2467 462 2532 sibi
484 2466 636 2551 patienda
658 2467 885 2532 existimarent.

242 2571 363 2635 XXXI.
398 2571 468 2634 Nec
489 2569 601 2652 minus,
626 2590 720 2651 quam
748 2576 796 2633 est
818 2571 983 2655 pollicitus,
1006 2573 1204 2654 Vercinger

141 2674 223 2740 torix
252 2673 357 2738 animo
387 2673 560 2755 laborabat,
590 2679 625 2736 ut
646 2673 783 2754 reliquas
806 2673 950 2738 civitates
976 2672 1172 2756 adiungeret,

140 2783 234 2859 atquc
257 2795 311 2841 eas
333 2775 425 2841 donis
447 2774 787 2860 pollicitationibusque
813 2775 980 2840 alliciebat.
1025 2775 1099 2839 huic
1127 2775 1206 2844 reia

140 2878 269 2944 idoneos
291 2877 435 2944 homines
457 2877 626 2961 deligebat,
650 2897 780 2960 quorum
803 2877 935 2959 quisque
956 2884 1011 2943 aut
1033 2877 1173 2943 oratione

141 2980 273 3047 subdola
299 2987 354 3046 aut
380 2980 518 3044 amicitia
544 2980 692 3044 facillime
719 2999 831 3063 capere
853 2987 969 3063 posset.
1016 2981 1069 3063 qui
1091 2981 1206 3048 ilva-e

140 3085 203 3150 rico
226 3090 408 3168 expugnato
423 3083 613 3167 refugerant,
630 3082 798 3148 armandos
813 3082 1056 3166 vestiendosque
1071 3090 1171 3169 curat;

141 3187 241 3269 simul,
276 3193 311 3250 ut
344 3185 525 3250 deminutae
560 3185 669 3269 copiae
702 3183 1003 3269 redintegrarentur,
1038 3186 1207 3270 imperato

140 3296 258 3354 certum
274 3309 439 3353 numerum
454 3288 588 3352 militum
604 3286 793 3370 civitatibus
817 3291 911 3369 quem
927 3294 958 3352 et
981 3308 1076 3371 quam
1097 3297 1172 3355 ante

140 3391 223 3457 diem
245 3393 279 3456 in
303 3399 406 3457 castra
427 3391 542 3456 adduci
565 3391 650 3474 velit,
681 3390 922 3473 sagittariosque
951 3412 1070 3474 omnes,
1100 3413 1172 3476 quo·

140 3515 207 3560 rum
232 3502 299 3560 erat
321 3514 513 3580 permagnus
534 3513 683 3558 numerus
704 3493 739 3558 in
762 3493 874 3577 Gallia,
907 3496 1047 3577 conquiri
1077 3495 1173 3560 etad

140 3619 174 3664 se
197 3599 279 3664 mitti
301 3598 398 3664 iubet.
443 3597 493 3664 his
515 3599 609 3663 rebus
633 3597 774 3662 celeriter
796 3596 838 3681 id,
867 3597 950 3681 quod
971 3598 1099 3663 Avarici
1121 3597 1173 3663 de·

140 3702 284 3785 perierat,
309 3701 463 3786 expletur.
497 3700 623 3766 interim
638 3701 851 3782 Teutomatus,
867 3699 1056 3766 Olloviconis
1078 3701 1205 3782 filiast

140 3821 196 3868 rex
218 3805 448 3888 Nitiobrogum,
479 3803 567 3869 cuins
596 3810 687 3888 pater
715 3805 756 3869 ab
787 3809 898 3868 senatu
927 3810 1030 3869 nostro
1052 3805 1172 3870 amicus
