2936 4192
174 288 175 291 Ν
291 199 330 263 16
624 214 805 270 assando
824 214 985 270 anamoo
1050 191 1052 197 ⁴

289 389 415 455 omnino
441 389 580 473 ignorari
606 407 699 472 posse
726 388 955 471 existimarent,
983 389 1085 472 prima
1112 397 1203 456 nocte
1232 411 1249 455 e
1277 413 1324 456 ca,-

289 493 361 558 stn's
387 492 602 557 Helvetiorum
632 491 749 575 egressi
780 490 822 556 ad
851 491 996 556 Rhenum
1027 493 1168 575 finesque
1198 495 1325 559 Germa·

288 616 399 681 norum
422 596 658 661 contenderunt.

257 723 268 767 r
392 699 542 768 XXVIII,
561 696 652 773 Quod
671 697 726 762 ubi
747 699 864 763 Caesar
882 699 997 783 resciit,
1019 719 1149 782 quorum
1169 721 1226 784 per
1245 700 1325 766 fines
1449 771 1450 776 γ

289 801 399 885 ierant,
423 800 482 884 bis,
505 800 552 865 uti
568 799 787 882 conquirerent
802 807 834 865 et
847 801 1042 885 reducerent,
1066 802 1092 867 si
1116 803 1176 867 sibi
1198 805 1323 898 purgati
1449 833 1450 904 3

256 925 271 972 2
290 923 359 969 csse
380 904 508 987 vellent,
531 903 714 988 imperavit,
736 903 881 969 reductos
903 903 936 968 in
959 903 1096 968 bostium
1118 925 1248 970 numero
1270 905 1323 970 ba-

289 1005 367 1091 buit,
396 1005 532 1088 reliquos
559 1025 668 1070 omnes
694 1004 867 1089 obsidibus,
898 1006 1003 1089 armis,
1034 1006 1175 1091 perfugis
1201 1008 1326 1074 traditis

256 1111 322 1178 ain
345 1109 546 1174 deditionem.
559 1108 689 1192 accepit.
728 1109 901 1192 Helvetios,
917 1109 1078 1193 Tulingos,
1102 1110 1268 1176 Latovicos
1291 1113 1323 1176 in

245 1247 246 1252 κ
289 1213 369 1278 fines
396 1232 478 1295 suos,
510 1211 595 1276 unde
622 1217 712 1276 erant
737 1211 879 1295 profecti,
910 1213 1026 1276 revorti
1053 1212 1152 1297 iussit,
1184 1220 1216 1278 et
1242 1215 1325 1298 quod

290 1316 435 1382 omnibus
449 1314 593 1398 frugibus
608 1314 732 1379 amissis
748 1314 831 1379 domi
848 1314 927 1379 nihil
944 1322 1020 1398 erat,
1043 1336 1103 1398 quo
1118 1315 1235 1381 famem
1251 1319 1325 1382 tole·

289 1425 405 1501 rorent,
435 1418 656 1500 Allobrogibus
682 1417 863 1501 imperavit,
894 1424 930 1481 ut
948 1418 998 1483 -iis
1024 1418 1170 1483 frumenti
1202 1421 1323 1504 copiam

209 1525 210 1530 ’
290 1524 445 1606 facerent;
472 1522 558 1606 ipsos
580 1521 698 1606 oppida
719 1522 876 1606 vicosque,
901 1542 978 1604 quos
1000 1522 1215 1607 incenderant,
1238 1525 1325 1590 resti-

256 1649 272 1694 4
291 1635 377 1692 tuere
392 1625 490 1691 iussit.
522 1625 611 1689 idea
625 1625 764 1689 maxime
778 1625 899 1690 ratione
914 1625 999 1709 fecit,
1020 1625 1103 1708 quod
1123 1627 1231 1710 noluit,
1253 1647 1324 1692 eum

290 1731 401 1814 locum,
417 1729 501 1793 unde
513 1728 651 1792 Helvetii
668 1729 886 1811 discesserant,
903 1748 1025 1811 vacare,
1042 1749 1083 1794 ne
1098 1737 1225 1814 propter
1239 1731 1324 1796 boni-

290 1840 386 1898 tatem
413 1853 557 1915 agrcrum
582 1831 740 1915 Germani,
769 1832 821 1914 qui
849 1838 936 1896 trans
958 1832 1103 1896 Rhenum
1130 1833 1278 1917 incolunt,
1306 1854 1324 1898 e

291 1937 354 2002 suis
380 1935 496 2000 finibus
525 1935 557 1998 in
586 1934 800 1998 Helvetiorum
831 1933 911 1999 fines
941 1934 1110 1999 transirent
1139 1942 1171 2000 et
1199 1936 1324 2001 finitimi

256 2063 272 2108 s
292 2039 413 2105 Galbae
435 2038 616 2122 provinciae
636 2037 920 2119 Allobrogibusque
942 2043 1057 2103 essent.
1101 2039 1195 2104 Boios
1218 2046 1324 2124 peten-

290 2143 374 2206 tibus
396 2140 524 2223 Aeduis,
552 2138 635 2222 quod
663 2140 792 2222 egregia
818 2140 933 2204 virtute
960 2147 1049 2205 erant
1076 2142 1202 2226 cogniti,
1230 2148 1265 2206 ut
1290 2142 1322 2206 in

290 2245 406 2309 finibus
426 2243 490 2308 suis
511 2243 708 2326 collocarent,
731 2243 898 2327 concessit3
922 2244 1036 2326 quibus
1055 2244 1101 2307 illi
1120 2265 1213 2328 agros
1232 2245 1323 2310 dedo·

290 2353 363 2412 runt
392 2366 530 2430 quosque
560 2352 671 2429 postea
699 2345 732 2410 in
762 2365 871 2429 parem
902 2345 978 2411 iuris
1008 2346 1224 2430 libertatisque
1254 2368 1324 2413 eon·

291 2451 446 2515 dicionem
469 2457 563 2532 atque
586 2449 646 2533 ipsi
671 2455 760 2512 erant
781 2456 975 2532 receperunt.

259 2577 271 2623 1
394 2553 513 2617 XXIX.
530 2553 568 2616 In
588 2553 698 2616 castris
713 2553 927 2616 Helvetiorum
947 2554 1074 2619 tabulae
1093 2562 1236 2638 repertae
1251 2563 1324 2620 sunt

290 2657 401 2723 litteris
421 2655 550 2721 Graecis
569 2654 731 2720 confectae
752 2661 783 2719 et
804 2654 847 2719 ad
870 2655 1036 2720 Caesarem
1059 2657 1187 2741 relatae,
1210 2657 1323 2740 quibus

201 2791 204 2797 ·
289 2762 322 2824 in
337 2759 453 2824 tabulis
465 2758 649 2823 nominatim
661 2758 740 2822 ratio
752 2757 896 2822 confecta
907 2764 983 2841 erat,
1000 2758 1053 2841 qui
1068 2779 1216 2825 numerus
1232 2759 1324 2826 domo

291 2864 412 2941 exisset
429 2881 544 2943 eorum,
568 2861 621 2944 qui
640 2881 729 2925 arma
747 2861 829 2924 ferre
850 2868 987 2945 possent,
1008 2868 1040 2926 et
1059 2862 1134 2926 item
1154 2863 1322 2946 separatim

257 2988 272 3034 a
291 2965 389 3050 pueri,
417 2983 509 3029 senes
535 2963 751 3046 mulieresque.
798 2983 927 3047 quorum
950 2965 1089 3028 omnium
1112 2984 1235 3029 summa
1257 2973 1323 3030 erat

166 3115 168 3120 -
291 3068 427 3153 capitum
455 3065 668 3130 Helvetiorum
691 3066 778 3129 milia
807 3066 975 3148 CCLXIII,
1004 3067 1209 3149 Tulingorum
1236 3069 1324 3133 milia

290 3170 440 3251 XXXVI,
463 3168 682 3233 Latovicorum
701 3169 788 3251 XIV,
811 3168 1014 3232 Rauricorum
1034 3169 1156 3252 XXIII,
1177 3171 1323 3235 Boiorum

290 3273 432 3356 XXXII;
460 3291 501 3336 ex
514 3271 582 3357 ¹his,
607 3271 659 3352 qui
682 3291 770 3334 arma
792 3271 873 3334 serre
895 3277 1033 3354 possent,
1057 3270 1097 3334 ad
1121 3271 1208 3336 milia
1229 3293 1325 3338 nona-

290 3375 380 3458 ginta
395 3373 464 3438 duo.
498 3393 620 3438 summa
639 3374 778 3438 omnium
793 3373 919 3438 fuerunt
937 3373 979 3437 ad
993 3373 1081 3437 milia
1098 3374 1321 3440 CCCLXVIII.

258 3497 412 3560 aeorum,
440 3475 493 3558 qui
521 3476 646 3540 domum
674 3476 846 3558 redierunt,
874 3496 970 3540 censu
996 3476 1118 3558 habito,
1146 3484 1181 3540 ut
1209 3478 1324 3543 Caesar

292 3582 511 3664 imperaverat,
534 3585 677 3663 repertus
700 3585 747 3644 est
768 3599 916 3643 numerus
937 3579 1057 3643 milium
1081 3580 1106 3644 0
1129 3586 1162 3644 et
1182 3580 1223 3644 X.

260 3707 269 3751 1
395 3683 498 3746 XXX.
522 3682 611 3746 Bello
634 3681 848 3746 Helvetiorum
876 3681 1017 3746 confecto
1044 3681 1139 3746 totius
1164 3681 1230 3745 sere
1254 3681 1324 3746 Gal-

293 3787 354 3850 liae
376 3785 482 3868 legati,
505 3784 664 3868 principes
687 3783 857 3864 civitatum,
881 3783 922 3847 ad
946 3784 1111 3848 Gaesarem
1133 3784 1322 3866 gratulatum
