2936 4192
296 179 337 242 26
633 151 682 246 nn
700 193 815 273 annno
834 193 995 248 oaumco

296 386 388 448 quem
412 367 549 450 peditem
566 357 809 447 adcolloquium
826 365 942 430 Caesar
957 363 1142 430 adduceret:
1166 363 1328 448 veneriae,

296 489 336 533 ne
358 476 414 552 per
429 469 559 534 insidias
575 469 615 533 ab
631 489 668 533 co
685 467 973 551 circumveniretur;
997 473 1128 550 uterquc
1151 487 1221 532 cum
1244 467 1328 549 equi-

261 595 276 639 o
295 577 361 636 tatu
382 572 517 655 veniret;
541 572 602 636 alia
616 571 736 636 ratione
752 589 822 636 sese
836 591 898 635 non
915 589 985 636 esse
1000 576 1175 636 venturum.
1201 571 1329 654 Caesar,

296 675 379 756 qucd
401 695 504 758 neque
520 675 706 757 colloquium
722 673 912 758 interposita*
929 693 1024 737 causa
1046 673 1111 738 tolli
1127 674 1254 738 volebat
1275 693 1329 738 nc-

296 797 357 859 quc
373 779 504 843 salutern
521 784 613 842 suam
627 778 786 843 Gallorum
804 777 953 858 equitatui
971 776 1164 842 committere
1179 777 1328 861 audebat,

296 881 578 946 commodissimum
603 901 671 946 esse
694 881 812 964 statuit,
836 881 981 945 omnibus
1008 881 1096 962 equis
1120 880 1218 946 Gallis
1244 882 1329 964 equi·

296 984 378 1048 tibus
409 983 557 1050 detractis
588 1003 624 1049 eo
655 983 843 1067 legionarios
874 983 988 1048 milites
1017 983 1151 1066 legionis
1174 983 1328 1068 decimae,

295 1087 344 1150 cui
375 1087 513 1151 maxime
544 1085 730 1169 confidebat,
758 1085 929 1170 imponere,
957 1093 993 1150 ut
1018 1086 1209 1170 praesidium
1233 1107 1326 1168 quam

262 1189 526 1272 oamicissimum,
558 1189 584 1254 si
616 1189 689 1272 quid
720 1209 798 1272 opus
828 1189 911 1254 facto
934 1195 1026 1271 esset,
1057 1189 1197 1254 haberet.
1243 1189 1326 1272 quod

295 1291 754 1376 cumfieret,nonir1idicrde
783 1280 909 1374 quidam
939 1312 979 1356 ex
1006 1292 1158 1357 militibus
1185 1292 1327 1358 decimae

294 1381 426 1477 legionis
453 1395 547 1459 dixit:
577 1396 646 1478 plus
674 1415 766 1477 quam
796 1394 952 1478 pollicitus
975 1403 1067 1479 esset,
1092 1395 1259 1462 Caesarem
1283 1399 1326 1460 t'a-

294 1517 379 1562 cere:
402 1497 572 1581 pollicitum
601 1518 635 1562 sc
662 1498 694 1561 in
723 1497 857 1562 cohortis
884 1498 1059 1580 praetoriae
1081 1499 1148 1563 loco
1171 1499 1325 1563 decimam

294 1600 449 1684 legionem
472 1601 661 1685 habiturum,
684 1599 726 1665 ad
749 1620 862 1682 equum
886 1601 1066 1666 rescribere.

262 1723 272 1768 1
397 1704 512 1769 XLIII.
544 1705 699 1770 Planicies
722 1711 789 1768 erat
811 1725 929 1787 magna
951 1704 1035 1770 etin
1057 1725 1095 1770 ea
1109 1707 1245 1771 tumulus
1268 1715 1325 1770 ter-

293 1826 387 1872 renus
410 1808 485 1872 satis
508 1807 645 1890 grandis.
691 1807 742 1870 hic
763 1807 850 1872 locus
871 1826 972 1889 aequo
994 1805 1060 1873 sere
1082 1809 1184 1892 spatio
1210 1809 1250 1872 ab
1277 1829 1324 1872 ea-

260 1931 274 1977 a
294 1911 365 1975 stris
384 1911 533 1976 Ariovisti
556 1917 588 1974 et
603 1911 746 1976 (laeseris
768 1911 885 1974 aberat.
917 1930 963 1994 eo,
987 1919 1021 1974 ut
1044 1918 1111 1976 erat
1133 1911 1259 1994 dictum,
1282 1913 1322 1975 ed

293 2012 478 2094 colloquium
506 2020 669 2076 venerunt.
714 2011 870 2095 legionem
895 2012 1020 2096 Caesar,
1045 2035 1137 2096 quam
1162 2015 1250 2098 equis
1273 2036 1323 2080 ve-

294 2122 393 2198 xerat,
421 2115 566 2199 passibus
593 2115 735 2180 ducentis
764 2115 805 2179 ab
834 2135 871 2180 eo
893 2118 1011 2181 tumulo
1035 2117 1201 2182 constituit.
1247 2118 1321 2182 item

259 2217 414 2300 aequites
437 2217 585 2282 Ariovisti
609 2218 674 2301 pari
698 2217 863 2283 intervallo
886 2220 1099 2286 constiterunt.
1137 2221 1322 2306 Ariovistus,

294 2342 334 2385 ex
369 2321 456 2403 cquis
494 2326 528 2384 ut
564 2321 810 2402 colloquerentur
848 2331 879 2386 et
916 2329 1039 2406 praeter
1076 2343 1110 2389 se
1148 2323 1245 2389 denos
1281 2325 1320 2388 ad

259 2423 479 2506 rcclloquium
510 2422 711 2506 adducerent,
743 2425 922 2507 postulavit,
968 2425 1021 2490 ubi
1053 2447 1088 2492 eo
1112 2434 1239 2492 ventum
1265 2436 1320 2506 cst,

294 2528 409 2593 Caesar
435 2527 524 2593 initio
551 2527 700 2592 orationis
727 2546 784 2591 sua
807 2535 996 2610 senatusque
1018 2529 1050 2592 in
1074 2549 1144 2594 eum
1168 2530 1323 2594 beneficia

293 2630 556 2714 commemoravit,
580 2629 662 2712 quod
685 2649 742 2694 rex
763 2631 939 2714 appellatus
962 2639 1044 2696 esset
1066 2639 1221 2715 asenatu,
1238 2634 1319 2714 quod

292 2735 419 2818 amicus,
451 2734 533 2816 quod
563 2753 693 2798 munera
721 2733 912 2816 amplissime
942 2733 1051 2800 missa:
1084 2755 1177 2818 quarn
1200 2757 1264 2800 rem
1289 2749 1322 2800 ct

292 2837 400 2918 paucis
429 2837 597 2920 contigisse
627 2843 658 2900 et
685 2856 740 2921 pro
770 2837 894 2919 magnis
923 2836 1083 2902 hominurn
1114 2839 1225 2905 officiis
1251 2860 1319 2905 oon-

258 2959 399 3005 ssuesse
425 2940 519 3004 tribui
546 2939 693 3023 docebat,
721 2940 817 3024 illum,
846 2961 914 3005 cum
943 2961 1044 3022 neque
1074 2942 1192 3008 aditum
1216 2964 1320 3026 neque

292 3062 418 3108 causam
441 3042 618 3126 postulandi
641 3043 754 3106 iustam
778 3041 917 3122 haberet,
944 3043 1097 3108 beneficio
1124 3066 1161 3109 ac
1186 3047 1319 3111 liberali-

258 3167 273 3213 a
292 3151 356 3210 tate
372 3165 429 3210 sua
444 3165 482 3209 ac
496 3151 624 3210 senatus
636 3165 674 3208 ea
685 3145 823 3228 praemia
839 3154 1047 3211 consecutum.
1064 3148 1198 3213 docebat
1213 3150 1318 3234 etiam,

292 3269 385 3330 quam
405 3255 528 3313 veteres
551 3267 706 3330 quamque
729 3247 829 3312 iustae
845 3269 957 3314 causae
980 3251 1219 3318 necessitudinis
1241 3253 1319 3336 ipsis

259 3373 272 3418 r
292 3371 361 3416 cum
377 3349 496 3414 Aeduis
517 3349 755 3433 intercederent,
779 3371 859 3432 quae
875 3358 1002 3417 senatus
1018 3356 1158 3419 consulta
1173 3357 1318 3436 quotiens

291 3473 447 3536 quamque
470 3451 639 3518 honorifica
660 3452 693 3516 in
717 3471 769 3518 ecs
791 3453 876 3518 faeta
890 3463 1004 3539 essent,
1028 3463 1063 3520 ut
1076 3458 1161 3522 onrni
1177 3465 1318 3543 tempore

290 3557 384 3622 totius
407 3555 527 3622 Galliae
549 3555 757 3638 principatum
773 3555 873 3622 Aedui
897 3557 1079 3642 tenuissent,
1103 3561 1187 3644 prius
1211 3563 1316 3646 etiam,

257 3679 384 3742 squam
418 3664 555 3724 nostram
589 3657 758 3722 amicitiam
791 3661 993 3743 appetissent.
1045 3663 1147 3746 populi
1181 3665 1314 3729 Romani

291 3763 372 3828 hanc
401 3781 470 3827 esse
500 3759 766 3842 consuetudinem,
795 3768 830 3825 ut
859 3763 957 3826 socios
979 3771 1074 3846 atque
1105 3766 1221 3830 amieos
1250 3787 1311 3831 non
