<?xml version="1.0" encoding="UTF-8"?>
<!DOCTYPE html PUBLIC "-//W3C//DTD XHTML 1.0 Transitional//EN"
    "http://www.w3.org/TR/xhtml1/DTD/xhtml1-transitional.dtd">
<html xmlns="http://www.w3.org/1999/xhtml" xml:lang="en" lang="en">
 <head>
  <title>
</title>
<meta http-equiv="Content-Type" content="text/html;charset=utf-8" />
  <meta name='ocr-system' content='tesseract 3.04.00' />
  <meta name='ocr-capabilities' content='ocr_page ocr_carea ocr_par ocr_line ocrx_word'/>
</head>
<body>
  <div class='ocr_page' id='page_1' title='image "./commentariidebe00pramgoog_0074.png"; bbox 0 0 2936 4192; ppageno 0'>
   <div class='ocr_carea' id='block_1_1' title="bbox 409 299 1174 370">
    <p class='ocr_par' dir='ltr' id='par_1_1' title="bbox 409 299 1174 370">
     <span class='ocr_line' id='line_1_1' title="bbox 409 299 1174 370; baseline -0.008 -2"><span class='ocrx_word' id='word_1_1' title='bbox 409 312 517 368; x_wconf 76' lang='lat' dir='ltr'><strong>donn.</strong></span> <span class='ocrx_word' id='word_1_2' title='bbox 530 313 582 367; x_wconf 92' lang='lat' dir='ltr'><strong>III.</strong></span> <span class='ocrx_word' id='word_1_3' title='bbox 601 313 683 368; x_wconf 84' lang='lat' dir='ltr'><strong>cAP.</strong></span> <span class='ocrx_word' id='word_1_4' title='bbox 696 313 908 370; x_wconf 86' lang='lat' dir='ltr'><strong>XIV-XVIII.</strong></span> <span class='ocrx_word' id='word_1_5' title='bbox 1131 299 1174 363; x_wconf 82' lang='lat'><strong>59</strong></span> 
     </span>
    </p>
   </div>
   <div class='ocr_carea' id='block_1_2' title="bbox 127 483 1210 1188">
    <p class='ocr_par' dir='ltr' id='par_1_2' title="bbox 127 483 1173 876">
     <span class='ocr_line' id='line_1_2' title="bbox 142 483 1172 570; baseline 0.001 -19"><span class='ocrx_word' id='word_1_6' title='bbox 142 484 272 552; x_wconf 79' lang='lat' dir='ltr'><strong>Caesari</strong></span> <span class='ocrx_word' id='word_1_7' title='bbox 295 483 491 551; x_wconf 88' lang='lat' dir='ltr'><strong>dediderunt.</strong></span> <span class='ocrx_word' id='word_1_8' title='bbox 526 485 559 550; x_wconf 93' lang='lat' dir='ltr'><strong>in</strong></span> <span class='ocrx_word' id='word_1_9' title='bbox 583 505 660 568; x_wconf 84' lang='lat' dir='ltr'><strong>quos</strong></span> <span class='ocrx_word' id='word_1_10' title='bbox 683 506 719 551; x_wconf 90' lang='lat' dir='ltr'><strong>eo</strong></span> <span class='ocrx_word' id='word_1_11' title='bbox 738 487 866 570; x_wconf 83' lang='lat' dir='ltr'><strong>gravius</strong></span> <span class='ocrx_word' id='word_1_12' title='bbox 882 487 999 554; x_wconf 82' lang='lat' dir='ltr'><strong>Caesar</strong></span> <span class='ocrx_word' id='word_1_13' title='bbox 1014 487 1172 553; x_wconf 85' lang='lat' dir='ltr'><strong>vindican-</strong></span> 
     </span>
     <span class='ocr_line' id='line_1_3' title="bbox 127 587 1173 675; baseline 0.001 -22"><span class='ocrx_word' id='word_1_14' title='bbox 127 589 218 672; x_wconf 90' lang='lat' dir='ltr'><strong>dum</strong></span> <span class='ocrx_word' id='word_1_15' title='bbox 245 588 363 669; x_wconf 82' lang='lat' dir='ltr'>statuit,</span> <span class='ocrx_word' id='word_1_16' title='bbox 392 607 453 671; x_wconf 92' lang='lat' dir='ltr'><strong>quo</strong></span> <span class='ocrx_word' id='word_1_17' title='bbox 479 587 661 672; x_wconf 85' lang='lat' dir='ltr'><strong>diligentius</strong></span> <span class='ocrx_word' id='word_1_18' title='bbox 687 589 720 654; x_wconf 92' lang='lat' dir='ltr'><strong>in</strong></span> <span class='ocrx_word' id='word_1_19' title='bbox 742 591 895 672; x_wconf 88' lang='lat' dir='ltr'><strong>reliquum</strong></span> <span class='ocrx_word' id='word_1_20' title='bbox 918 597 1041 675; x_wconf 85' lang='lat' dir='ltr'><strong>tempus</strong></span> <span class='ocrx_word' id='word_1_21' title='bbox 1062 611 1083 655; x_wconf 88' lang='lat' dir='ltr'><strong>a</strong></span> <span class='ocrx_word' id='word_1_22' title='bbox 1104 592 1173 656; x_wconf 90' lang='lat' dir='ltr'><strong>bar-</strong></span> 
     </span>
     <span class='ocr_line' id='line_1_4' title="bbox 141 691 1173 776; baseline -0.002 -17"><span class='ocrx_word' id='word_1_23' title='bbox 141 691 228 759; x_wconf 89' lang='lat' dir='ltr'><strong>baris</strong></span> <span class='ocrx_word' id='word_1_24' title='bbox 257 691 307 756; x_wconf 85' lang='lat' dir='ltr'><strong>ins</strong></span> <span class='ocrx_word' id='word_1_25' title='bbox 333 691 506 774; x_wconf 80' lang='lat' dir='ltr'><strong>legatorum</strong></span> <span class='ocrx_word' id='word_1_26' title='bbox 534 697 778 757; x_wconf 82' lang='lat' dir='ltr'><strong>conservaretur.</strong></span> <span class='ocrx_word' id='word_1_27' title='bbox 824 693 931 776; x_wconf 91' lang='lat' dir='ltr'><strong>itaque</strong></span> <span class='ocrx_word' id='word_1_28' title='bbox 954 695 1039 758; x_wconf 91' lang='lat' dir='ltr'><strong>omni</strong></span> <span class='ocrx_word' id='word_1_29' title='bbox 1062 699 1173 759; x_wconf 83' lang='lat' dir='ltr'><strong>senatu</strong></span> 
     </span>
     <span class='ocr_line' id='line_1_5' title="bbox 141 793 805 876; baseline 0 -17"><span class='ocrx_word' id='word_1_30' title='bbox 141 800 255 859; x_wconf 86' lang='lat' dir='ltr'><strong>necato</strong></span> <span class='ocrx_word' id='word_1_31' title='bbox 277 793 413 876; x_wconf 84' lang='lat' dir='ltr'><strong>reIIquos</strong></span> <span class='ocrx_word' id='word_1_32' title='bbox 435 795 493 860; x_wconf 84' lang='lat' dir='ltr'><strong>sub</strong></span> <span class='ocrx_word' id='word_1_33' title='bbox 517 813 631 858; x_wconf 91' lang='lat' dir='ltr'><strong>corona</strong></span> <span class='ocrx_word' id='word_1_34' title='bbox 654 794 805 860; x_wconf 88' lang='lat' dir='ltr'><strong>vendidit.</strong></span> 
     </span>
    </p>

    <p class='ocr_par' dir='ltr' id='par_1_3' title="bbox 140 895 1210 1188">
     <span class='ocr_line' id='line_1_6' title="bbox 246 895 1207 982; baseline 0.002 -20"><span class='ocrx_word' id='word_1_35' title='bbox 246 897 349 962; x_wconf 86' lang='lat' dir='ltr'>XVII.</span> <span class='ocrx_word' id='word_1_36' title='bbox 393 896 477 960; x_wconf 89' lang='lat' dir='ltr'><strong>Dum</strong></span> <span class='ocrx_word' id='word_1_37' title='bbox 511 895 590 961; x_wconf 88' lang='lat' dir='ltr'><strong>haec</strong></span> <span class='ocrx_word' id='word_1_38' title='bbox 622 897 655 960; x_wconf 93' lang='lat' dir='ltr'><strong>in</strong></span> <span class='ocrx_word' id='word_1_39' title='bbox 682 897 811 963; x_wconf 76' lang='lat' dir='ltr'><strong>Venetir</strong></span> <span class='ocrx_word' id='word_1_40' title='bbox 844 905 1003 982; x_wconf 87' lang='lat' dir='ltr'><strong>geruntur,</strong></span> <span class='ocrx_word' id='word_1_41' title='bbox 1038 898 1207 976; x_wconf 83' lang='lat' dir='ltr'><strong>Quintusr</strong></span> 
     </span>
     <span class='ocr_line' id='line_1_7' title="bbox 140 998 1173 1084; baseline 0 -19"><span class='ocrx_word' id='word_1_42' title='bbox 140 999 282 1065; x_wconf 76' lang='lat' dir='ltr'><strong>Titurius</strong></span> <span class='ocrx_word' id='word_1_43' title='bbox 304 998 441 1065; x_wconf 85' lang='lat' dir='ltr'><strong>Sabinus</strong></span> <span class='ocrx_word' id='word_1_44' title='bbox 464 1019 534 1064; x_wconf 89' lang='lat' dir='ltr'><strong>cum</strong></span> <span class='ocrx_word' id='word_1_45' title='bbox 556 999 594 1064; x_wconf 88' lang='lat' dir='ltr'><strong>iis</strong></span> <span class='ocrx_word' id='word_1_46' title='bbox 617 1000 723 1083; x_wconf 83' lang='lat' dir='ltr'><strong>copiis,</strong></span> <span class='ocrx_word' id='word_1_47' title='bbox 747 1020 867 1082; x_wconf 85' lang='lat' dir='ltr'><strong>quasa</strong></span> <span class='ocrx_word' id='word_1_48' title='bbox 890 1002 1024 1068; x_wconf 77' lang='lat' dir='ltr'><strong>Caesare</strong></span> <span class='ocrx_word' id='word_1_49' title='bbox 1046 1021 1173 1084; x_wconf 86' lang='lat' dir='ltr'><strong>accepe-</strong></span> 
     </span>
     <span class='ocr_line' id='line_1_8' title="bbox 141 1101 1210 1188; baseline 0.003 -21"><span class='ocrx_word' id='word_1_50' title='bbox 141 1110 201 1184; x_wconf 89' lang='lat' dir='ltr'><strong>rat,</strong></span> <span class='ocrx_word' id='word_1_51' title='bbox 223 1102 257 1166; x_wconf 95' lang='lat' dir='ltr'><strong>in</strong></span> <span class='ocrx_word' id='word_1_52' title='bbox 280 1101 360 1166; x_wconf 85' lang='lat' dir='ltr'><strong>fines</strong></span> <span class='ocrx_word' id='word_1_53' title='bbox 383 1101 582 1166; x_wconf 88' lang='lat' dir='ltr'><strong>Venellorum</strong></span> <span class='ocrx_word' id='word_1_54' title='bbox 603 1102 755 1186; x_wconf 88' lang='lat' dir='ltr'><strong>pervenit.</strong></span> <span class='ocrx_word' id='word_1_55' title='bbox 779 1103 828 1169; x_wconf 85' lang='lat' dir='ltr'><strong>his</strong></span> <span class='ocrx_word' id='word_1_56' title='bbox 851 1110 994 1188; x_wconf 83' lang='lat' dir='ltr'><strong>praeerat</strong></span> <span class='ocrx_word' id='word_1_57' title='bbox 1009 1102 1210 1170; x_wconf 81' lang='lat' dir='ltr'><strong>Viridovixa</strong></span> 
     </span>
    </p>
   </div>
   <div class='ocr_carea' id='block_1_3' title="bbox 12 1204 1173 1288">
    <p class='ocr_par' dir='ltr' id='par_1_4' title="bbox 12 1204 1173 1288">
     <span class='ocr_line' id='line_1_9' title="bbox 12 1204 1173 1288; baseline -0.006 -12"><span class='ocrx_word' id='word_1_58' title='bbox 12 1241 13 1276; x_wconf 66' lang='lat'><em>2</em></span> <span class='ocrx_word' id='word_1_59' title='bbox 141 1227 182 1271; x_wconf 87' lang='lat' dir='ltr'><strong>ac</strong></span> <span class='ocrx_word' id='word_1_60' title='bbox 210 1224 365 1270; x_wconf 85' lang='lat' dir='ltr'><strong>summam</strong></span> <span class='ocrx_word' id='word_1_61' title='bbox 395 1204 517 1288; x_wconf 87' lang='lat' dir='ltr'><strong>imperii</strong></span> <span class='ocrx_word' id='word_1_62' title='bbox 548 1206 677 1270; x_wconf 89' lang='lat' dir='ltr'><strong>tenebat</strong></span> <span class='ocrx_word' id='word_1_63' title='bbox 707 1225 813 1270; x_wconf 91' lang='lat' dir='ltr'><strong>earum</strong></span> <span class='ocrx_word' id='word_1_64' title='bbox 840 1207 978 1272; x_wconf 90' lang='lat' dir='ltr'><strong>omnium</strong></span> <span class='ocrx_word' id='word_1_65' title='bbox 1001 1207 1173 1285; x_wconf 79' lang='lat' dir='ltr'><strong>ciuitatum,</strong></span> 
     </span>
    </p>
   </div>
   <div class='ocr_carea' id='block_1_4' title="bbox 143 1306 1212 3651">
    <p class='ocr_par' dir='ltr' id='par_1_5' title="bbox 143 1306 1212 3651">
     <span class='ocr_line' id='line_1_10' title="bbox 143 1306 1175 1393; baseline -0.001 -20"><span class='ocrx_word' id='word_1_66' title='bbox 143 1329 225 1392; x_wconf 89' lang='lat' dir='ltr'><strong>quae</strong></span> <span class='ocrx_word' id='word_1_67' title='bbox 248 1306 438 1388; x_wconf 80' lang='lat' dir='ltr'><strong>defecerant,</strong></span> <span class='ocrx_word' id='word_1_68' title='bbox 462 1327 503 1371; x_wconf 84' lang='lat' dir='ltr'><strong>cx</strong></span> <span class='ocrx_word' id='word_1_69' title='bbox 526 1307 639 1390; x_wconf 84' lang='lat' dir='ltr'><strong>quibus</strong></span> <span class='ocrx_word' id='word_1_70' title='bbox 659 1309 830 1372; x_wconf 83' lang='lat' dir='ltr'><strong>exercitum</strong></span> <span class='ocrx_word' id='word_1_71' title='bbox 853 1329 1047 1392; x_wconf 86' lang='lat' dir='ltr'><strong>magnasque</strong></span> <span class='ocrx_word' id='word_1_72' title='bbox 1069 1308 1175 1393; x_wconf 85' lang='lat' dir='ltr'><strong>copias</strong></span> 
     </span>
     <span class='ocr_line' id='line_1_11' title="bbox 143 1410 1210 1495; baseline 0.001 -18"><span class='ocrx_word' id='word_1_73' title='bbox 143 1416 304 1495; x_wconf 74' lang='lat' dir='ltr'><strong>coegerat3</strong></span> <span class='ocrx_word' id='word_1_74' title='bbox 338 1416 434 1493; x_wconf 87' lang='lat' dir='ltr'><strong>atque</strong></span> <span class='ocrx_word' id='word_1_75' title='bbox 462 1410 512 1476; x_wconf 86' lang='lat' dir='ltr'><strong>his</strong></span> <span class='ocrx_word' id='word_1_76' title='bbox 541 1412 649 1495; x_wconf 85' lang='lat' dir='ltr'><strong>paucis</strong></span> <span class='ocrx_word' id='word_1_77' title='bbox 683 1410 794 1476; x_wconf 83' lang='lat' dir='ltr'><strong>diebus</strong></span> <span class='ocrx_word' id='word_1_78' title='bbox 824 1411 950 1476; x_wconf 82' lang='lat' dir='ltr'><strong>Aulerci</strong></span> <span class='ocrx_word' id='word_1_79' title='bbox 983 1411 1210 1478; x_wconf 81' lang='lat' dir='ltr'><strong>Eburoviceso</strong></span> 
     </span>
     <span class='ocr_line' id='line_1_12' title="bbox 143 1513 1175 1597; baseline -0.001 -17"><span class='ocrx_word' id='word_1_80' title='bbox 143 1514 341 1596; x_wconf 85' lang='lat' dir='ltr'><strong>Lexobiiquc</strong></span> <span class='ocrx_word' id='word_1_81' title='bbox 356 1519 468 1579; x_wconf 82' lang='lat' dir='ltr'><strong>senatu</strong></span> <span class='ocrx_word' id='word_1_82' title='bbox 482 1533 538 1578; x_wconf 83' lang='lat' dir='ltr'><strong>suo</strong></span> <span class='ocrx_word' id='word_1_83' title='bbox 553 1514 727 1596; x_wconf 86' lang='lat' dir='ltr'><strong>interfecto,</strong></span> <span class='ocrx_word' id='word_1_84' title='bbox 752 1513 834 1597; x_wconf 89' lang='lat' dir='ltr'><strong>quod</strong></span> <span class='ocrx_word' id='word_1_85' title='bbox 849 1520 992 1580; x_wconf 87' lang='lat' dir='ltr'><strong>auctores</strong></span> <span class='ocrx_word' id='word_1_86' title='bbox 1007 1515 1083 1581; x_wconf 93' lang='lat' dir='ltr'><strong>belli</strong></span> <span class='ocrx_word' id='word_1_87' title='bbox 1105 1533 1175 1580; x_wconf 86' lang='lat' dir='ltr'><strong>csse</strong></span> 
     </span>
     <span class='ocr_line' id='line_1_13' title="bbox 143 1617 1175 1701; baseline -0.001 -19"><span class='ocrx_word' id='word_1_88' title='bbox 143 1617 305 1698; x_wconf 85' lang='lat' dir='ltr'><strong>nolebant,</strong></span> <span class='ocrx_word' id='word_1_89' title='bbox 335 1623 441 1701; x_wconf 82' lang='lat' dir='ltr'><strong>portas</strong></span> <span class='ocrx_word' id='word_1_90' title='bbox 472 1617 649 1681; x_wconf 87' lang='lat' dir='ltr'><strong>clauserunt</strong></span> <span class='ocrx_word' id='word_1_91' title='bbox 676 1637 773 1699; x_wconf 83' lang='lat' dir='ltr'><strong>seque</strong></span> <span class='ocrx_word' id='word_1_92' title='bbox 803 1639 873 1682; x_wconf 91' lang='lat' dir='ltr'><strong>cum</strong></span> <span class='ocrx_word' id='word_1_93' title='bbox 897 1617 1075 1683; x_wconf 84' lang='lat' dir='ltr'><strong>Viridovice</strong></span> <span class='ocrx_word' id='word_1_94' title='bbox 1105 1637 1175 1682; x_wconf 94' lang='lat' dir='ltr'><strong>con-</strong></span> 
     </span>
     <span class='ocr_line' id='line_1_14' title="bbox 143 1720 1210 1804; baseline 0.003 -20"><span class='ocrx_word' id='word_1_95' title='bbox 143 1721 329 1803; x_wconf 82' lang='lat' dir='ltr'><strong>Innxerunt;</strong></span> <span class='ocrx_word' id='word_1_96' title='bbox 364 1739 542 1802; x_wconf 81' lang='lat' dir='ltr'><strong>magnaque</strong></span> <span class='ocrx_word' id='word_1_97' title='bbox 571 1726 734 1804; x_wconf 87' lang='lat' dir='ltr'><strong>praeterea</strong></span> <span class='ocrx_word' id='word_1_98' title='bbox 763 1720 927 1784; x_wconf 92' lang='lat' dir='ltr'><strong>multitudo</strong></span> <span class='ocrx_word' id='word_1_99' title='bbox 961 1720 1099 1802; x_wconf 92' lang='lat' dir='ltr'><strong>undique</strong></span> <span class='ocrx_word' id='word_1_100' title='bbox 1133 1739 1210 1787; x_wconf 74' lang='lat' dir='ltr'><strong>ext</strong></span> 
     </span>
     <span class='ocr_line' id='line_1_15' title="bbox 144 1820 1173 1905; baseline -0.004 -16"><span class='ocrx_word' id='word_1_101' title='bbox 144 1823 250 1889; x_wconf 84' lang='lat' dir='ltr'><strong>Gallia</strong></span> <span class='ocrx_word' id='word_1_102' title='bbox 290 1820 481 1905; x_wconf 91' lang='lat' dir='ltr'><strong>perditorum</strong></span> <span class='ocrx_word' id='word_1_103' title='bbox 517 1821 676 1886; x_wconf 90' lang='lat' dir='ltr'><strong>hominum</strong></span> <span class='ocrx_word' id='word_1_104' title='bbox 716 1823 934 1904; x_wconf 88' lang='lat' dir='ltr'><strong>latronumque</strong></span> <span class='ocrx_word' id='word_1_105' title='bbox 975 1828 1173 1903; x_wconf 88' lang='lat' dir='ltr'><strong>convenerat,</strong></span> 
     </span>
     <span class='ocr_line' id='line_1_16' title="bbox 145 1915 1174 2009; baseline -0.004 -19"><span class='ocrx_word' id='word_1_106' title='bbox 145 1945 224 2008; x_wconf 85' lang='lat' dir='ltr'><strong>quos</strong></span> <span class='ocrx_word' id='word_1_107' title='bbox 246 1943 320 2009; x_wconf 83' lang='lat' dir='ltr'><strong>spes</strong></span> <span class='ocrx_word' id='word_1_108' title='bbox 341 1923 515 2008; x_wconf 87' lang='lat' dir='ltr'><strong>praedandi</strong></span> <span class='ocrx_word' id='word_1_109' title='bbox 529 1915 737 2007; x_wconf 61' lang='lat' dir='ltr'><strong>&#39;studiumque</strong></span> <span class='ocrx_word' id='word_1_110' title='bbox 759 1925 898 1990; x_wconf 88' lang='lat' dir='ltr'><strong>bellandi</strong></span> <span class='ocrx_word' id='word_1_111' title='bbox 920 1927 960 1990; x_wconf 90' lang='lat' dir='ltr'><strong>ab</strong></span> <span class='ocrx_word' id='word_1_112' title='bbox 984 1924 1174 2008; x_wconf 80' lang='lat' dir='ltr'><strong>agricultura</strong></span> 
     </span>
     <span class='ocr_line' id='line_1_17' title="bbox 145 2025 1210 2094; baseline 0 0"><span class='ocrx_word' id='word_1_113' title='bbox 145 2035 178 2094; x_wconf 89' lang='lat' dir='ltr'><strong>ct</strong></span> <span class='ocrx_word' id='word_1_114' title='bbox 200 2025 358 2093; x_wconf 92' lang='lat' dir='ltr'><strong>cotidiano</strong></span> <span class='ocrx_word' id='word_1_115' title='bbox 379 2027 486 2092; x_wconf 90' lang='lat' dir='ltr'><strong>labore</strong></span> <span class='ocrx_word' id='word_1_116' title='bbox 508 2029 685 2093; x_wconf 79' lang='lat' dir='ltr'><strong>revocabat.</strong></span> <span class='ocrx_word' id='word_1_117' title='bbox 731 2027 867 2094; x_wconf 83' lang='lat' dir='ltr'><strong>Sabinus</strong></span> <span class='ocrx_word' id='word_1_118' title='bbox 893 2027 1006 2092; x_wconf 89' lang='lat' dir='ltr'><strong>idoneo</strong></span> <span class='ocrx_word' id='word_1_119' title='bbox 1029 2027 1210 2094; x_wconf 79' lang='lat' dir='ltr'><strong>omnibusc</strong></span> 
     </span>
     <span class='ocr_line' id='line_1_18' title="bbox 146 2128 1175 2212; baseline -0.002 -16"><span class='ocrx_word' id='word_1_120' title='bbox 146 2133 239 2196; x_wconf 88' lang='lat' dir='ltr'><strong>rebus</strong></span> <span class='ocrx_word' id='word_1_121' title='bbox 269 2130 337 2194; x_wconf 93' lang='lat' dir='ltr'><strong>loco</strong></span> <span class='ocrx_word' id='word_1_122' title='bbox 367 2128 477 2202; x_wconf 83' lang='lat' dir='ltr'><strong>castris</strong></span> <span class='ocrx_word' id='word_1_123' title='bbox 506 2149 576 2194; x_wconf 84' lang='lat' dir='ltr'><strong>sese</strong></span> <span class='ocrx_word' id='word_1_124' title='bbox 605 2132 743 2212; x_wconf 87' lang='lat' dir='ltr'><strong>tenebat,</strong></span> <span class='ocrx_word' id='word_1_125' title='bbox 775 2151 845 2194; x_wconf 91' lang='lat' dir='ltr'><strong>cum</strong></span> <span class='ocrx_word' id='word_1_126' title='bbox 872 2129 1037 2196; x_wconf 84' lang='lat' dir='ltr'><strong>Viridovix</strong></span> <span class='ocrx_word' id='word_1_127' title='bbox 1067 2135 1175 2195; x_wconf 89' lang='lat' dir='ltr'><strong>contra</strong></span> 
     </span>
     <span class='ocr_line' id='line_1_19' title="bbox 145 2226 1175 2318; baseline -0.003 -18"><span class='ocrx_word' id='word_1_128' title='bbox 145 2255 218 2300; x_wconf 90' lang='lat' dir='ltr'><strong>enm</strong></span> <span class='ocrx_word' id='word_1_129' title='bbox 241 2232 337 2298; x_wconf 90' lang='lat' dir='ltr'><strong>duum</strong></span> <span class='ocrx_word' id='word_1_130' title='bbox 359 2226 478 2296; x_wconf 89' lang='lat' dir='ltr'><strong>milium</strong></span> <span class='ocrx_word' id='word_1_131' title='bbox 500 2233 601 2316; x_wconf 83' lang='lat' dir='ltr'><strong>spatIo</strong></span> <span class='ocrx_word' id='word_1_132' title='bbox 621 2232 812 2299; x_wconf 81' lang='lat' dir='ltr'><strong>consedisset</strong></span> <span class='ocrx_word' id='word_1_133' title='bbox 827 2233 1002 2316; x_wconf 84' lang='lat' dir='ltr'><strong>cotidieque</strong></span> <span class='ocrx_word' id='word_1_134' title='bbox 1016 2231 1175 2318; x_wconf 82' lang='lat' dir='ltr'><strong>productis</strong></span> 
     </span>
     <span class='ocr_line' id='line_1_20' title="bbox 146 2334 1175 2422; baseline -0.003 -20"><span class='ocrx_word' id='word_1_135' title='bbox 146 2337 244 2422; x_wconf 88' lang='lat' dir='ltr'><strong>copiis</strong></span> <span class='ocrx_word' id='word_1_136' title='bbox 274 2334 439 2420; x_wconf 85' lang='lat' dir='ltr'><strong>pugnandi</strong></span> <span class='ocrx_word' id='word_1_137' title='bbox 469 2341 656 2419; x_wconf 81' lang='lat' dir='ltr'><strong>potestatem</strong></span> <span class='ocrx_word' id='word_1_138' title='bbox 686 2335 813 2418; x_wconf 85' lang='lat' dir='ltr'><strong>faceret,</strong></span> <span class='ocrx_word' id='word_1_139' title='bbox 843 2337 967 2401; x_wconf 90' lang='lat' dir='ltr'><strong>utiam</strong></span> <span class='ocrx_word' id='word_1_140' title='bbox 990 2336 1175 2402; x_wconf 84' lang='lat' dir='ltr'><strong>nouaclum</strong></span> 
     </span>
     <span class='ocr_line' id='line_1_21' title="bbox 145 2437 1175 2522; baseline -0.003 -17"><span class='ocrx_word' id='word_1_141' title='bbox 145 2440 288 2505; x_wconf 83' lang='lat' dir='ltr'><strong>hostibus</strong></span> <span class='ocrx_word' id='word_1_142' title='bbox 320 2439 354 2502; x_wconf 84' lang='lat' dir='ltr'><strong>In</strong></span> <span class='ocrx_word' id='word_1_143' title='bbox 388 2438 650 2522; x_wconf 88' lang='lat' dir='ltr'><strong>contemptionem</strong></span> <span class='ocrx_word' id='word_1_144' title='bbox 673 2439 809 2505; x_wconf 84' lang='lat' dir='ltr'><strong>Sabinus</strong></span> <span class='ocrx_word' id='word_1_145' title='bbox 839 2439 970 2520; x_wconf 89' lang='lat' dir='ltr'><strong>veniret,</strong></span> <span class='ocrx_word' id='word_1_146' title='bbox 1002 2437 1175 2504; x_wconf 83' lang='lat' dir='ltr'><strong>sedetiam</strong></span> 
     </span>
     <span class='ocr_line' id='line_1_22' title="bbox 146 2541 1211 2627; baseline 0 -19"><span class='ocrx_word' id='word_1_147' title='bbox 146 2549 321 2608; x_wconf 86' lang='lat' dir='ltr'><strong>nostrorum</strong></span> <span class='ocrx_word' id='word_1_148' title='bbox 344 2541 476 2606; x_wconf 93' lang='lat' dir='ltr'><strong>militum</strong></span> <span class='ocrx_word' id='word_1_149' title='bbox 499 2542 627 2607; x_wconf 86' lang='lat' dir='ltr'><strong>vocibus</strong></span> <span class='ocrx_word' id='word_1_150' title='bbox 650 2562 713 2607; x_wconf 92' lang='lat' dir='ltr'><strong>non</strong></span> <span class='ocrx_word' id='word_1_151' title='bbox 736 2542 812 2607; x_wconf 93' lang='lat' dir='ltr'><strong>nihil</strong></span> <span class='ocrx_word' id='word_1_152' title='bbox 830 2548 1020 2627; x_wconf 73' lang='lat' dir='ltr'><strong>carperetur,</strong></span> <span class='ocrx_word' id='word_1_153' title='bbox 1045 2547 1211 2608; x_wconf 83' lang='lat' dir='ltr'><strong>tantamc</strong></span> 
     </span>
     <span class='ocr_line' id='line_1_23' title="bbox 147 2644 1176 2730; baseline -0.003 -20"><span class='ocrx_word' id='word_1_154' title='bbox 147 2667 208 2729; x_wconf 86' lang='lat' dir='ltr'><strong>quc</strong></span> <span class='ocrx_word' id='word_1_155' title='bbox 230 2644 409 2729; x_wconf 91' lang='lat' dir='ltr'><strong>opinionem</strong></span> <span class='ocrx_word' id='word_1_156' title='bbox 431 2644 550 2710; x_wconf 84' lang='lat' dir='ltr'><strong>timoris</strong></span> <span class='ocrx_word' id='word_1_157' title='bbox 571 2645 724 2730; x_wconf 91' lang='lat' dir='ltr'><strong>praebuit,</strong></span> <span class='ocrx_word' id='word_1_158' title='bbox 748 2652 783 2710; x_wconf 87' lang='lat' dir='ltr'><strong>ut</strong></span> <span class='ocrx_word' id='word_1_159' title='bbox 797 2645 860 2708; x_wconf 93' lang='lat' dir='ltr'><strong>iam</strong></span> <span class='ocrx_word' id='word_1_160' title='bbox 874 2644 916 2708; x_wconf 89' lang='lat' dir='ltr'><strong>ad</strong></span> <span class='ocrx_word' id='word_1_161' title='bbox 932 2645 1048 2709; x_wconf 84' lang='lat' dir='ltr'><strong>vallum</strong></span> <span class='ocrx_word' id='word_1_162' title='bbox 1063 2649 1176 2708; x_wconf 85' lang='lat' dir='ltr'><strong>castro-</strong></span> 
     </span>
     <span class='ocr_line' id='line_1_24' title="bbox 147 2744 1210 2835; baseline -0.001 -22"><span class='ocrx_word' id='word_1_163' title='bbox 147 2770 215 2813; x_wconf 91' lang='lat' dir='ltr'><strong>rum</strong></span> <span class='ocrx_word' id='word_1_164' title='bbox 237 2747 344 2813; x_wconf 84' lang='lat' dir='ltr'><strong>hostes</strong></span> <span class='ocrx_word' id='word_1_165' title='bbox 365 2746 515 2812; x_wconf 86' lang='lat' dir='ltr'><strong>accedere</strong></span> <span class='ocrx_word' id='word_1_166' title='bbox 537 2747 707 2835; x_wconf 58' lang='lat' dir='ltr'><strong>auderent„</strong></span> <span class='ocrx_word' id='word_1_167' title='bbox 732 2747 765 2812; x_wconf 92' lang='lat' dir='ltr'><strong>id</strong></span> <span class='ocrx_word' id='word_1_168' title='bbox 788 2767 826 2812; x_wconf 89' lang='lat' dir='ltr'><strong>ca</strong></span> <span class='ocrx_word' id='word_1_169' title='bbox 848 2746 888 2812; x_wconf 92' lang='lat' dir='ltr'><strong>de</strong></span> <span class='ocrx_word' id='word_1_170' title='bbox 910 2765 1005 2811; x_wconf 82' lang='lat' dir='ltr'><strong>cauea</strong></span> <span class='ocrx_word' id='word_1_171' title='bbox 1028 2744 1210 2825; x_wconf 65' lang='lat' dir='ltr'><strong>faciebat?</strong></span> 
     </span>
     <span class='ocr_line' id='line_1_25' title="bbox 148 2849 1175 2934; baseline -0.005 -18"><span class='ocrx_word' id='word_1_172' title='bbox 148 2849 313 2934; x_wconf 89' lang='lat' dir='ltr'><strong>quodcum</strong></span> <span class='ocrx_word' id='word_1_173' title='bbox 326 2855 414 2914; x_wconf 87' lang='lat' dir='ltr'><strong>tanta</strong></span> <span class='ocrx_word' id='word_1_174' title='bbox 425 2850 624 2916; x_wconf 84' lang='lat' dir='ltr'><strong>multitudine</strong></span> <span class='ocrx_word' id='word_1_175' title='bbox 635 2850 780 2932; x_wconf 84' lang='lat' dir='ltr'><strong>hostium,</strong></span> <span class='ocrx_word' id='word_1_176' title='bbox 792 2849 974 2934; x_wconf 88' lang='lat' dir='ltr'><strong>praesertim</strong></span> <span class='ocrx_word' id='word_1_177' title='bbox 987 2868 1023 2914; x_wconf 94' lang='lat' dir='ltr'><strong>eo</strong></span> <span class='ocrx_word' id='word_1_178' title='bbox 1035 2849 1175 2928; x_wconf 83' lang='lat' dir='ltr'><strong>absente,</strong></span> 
     </span>
     <span class='ocr_line' id='line_1_26' title="bbox 149 2953 1176 3037; baseline -0.004 -19"><span class='ocrx_word' id='word_1_179' title='bbox 149 2953 201 3036; x_wconf 91' lang='lat' dir='ltr'><strong>qui</strong></span> <span class='ocrx_word' id='word_1_180' title='bbox 223 2973 378 3019; x_wconf 84' lang='lat' dir='ltr'><strong>summam</strong></span> <span class='ocrx_word' id='word_1_181' title='bbox 400 2953 522 3037; x_wconf 91' lang='lat' dir='ltr'><strong>imperii</strong></span> <span class='ocrx_word' id='word_1_182' title='bbox 544 2959 674 3034; x_wconf 89' lang='lat' dir='ltr'><strong>teneret,</strong></span> <span class='ocrx_word' id='word_1_183' title='bbox 697 2953 757 3018; x_wconf 72' lang='lat' dir='ltr'><strong>niti</strong></span> <span class='ocrx_word' id='word_1_184' title='bbox 779 2972 881 3035; x_wconf 90' lang='lat' dir='ltr'><strong>aequo</strong></span> <span class='ocrx_word' id='word_1_185' title='bbox 903 2953 970 3018; x_wconf 88' lang='lat' dir='ltr'><strong>loco</strong></span> <span class='ocrx_word' id='word_1_186' title='bbox 992 2956 1047 3016; x_wconf 90' lang='lat' dir='ltr'><strong>aut</strong></span> <span class='ocrx_word' id='word_1_187' title='bbox 1069 2971 1176 3035; x_wconf 92' lang='lat' dir='ltr'><strong>oppor-</strong></span> 
     </span>
     <span class='ocr_line' id='line_1_27' title="bbox 149 3054 1174 3139; baseline -0.005 -18"><span class='ocrx_word' id='word_1_188' title='bbox 149 3056 281 3122; x_wconf 86' lang='lat' dir='ltr'><strong>tunitate</strong></span> <span class='ocrx_word' id='word_1_189' title='bbox 303 3055 409 3138; x_wconf 88' lang='lat' dir='ltr'><strong>aliqua</strong></span> <span class='ocrx_word' id='word_1_190' title='bbox 430 3055 506 3120; x_wconf 93' lang='lat' dir='ltr'><strong>data</strong></span> <span class='ocrx_word' id='word_1_191' title='bbox 527 3057 631 3139; x_wconf 85' lang='lat' dir='ltr'><strong>legato</strong></span> <span class='ocrx_word' id='word_1_192' title='bbox 653 3055 865 3120; x_wconf 88' lang='lat' dir='ltr'><strong>dimicandum</strong></span> <span class='ocrx_word' id='word_1_193' title='bbox 881 3076 944 3120; x_wconf 92' lang='lat' dir='ltr'><strong>non</strong></span> <span class='ocrx_word' id='word_1_194' title='bbox 964 3054 1174 3119; x_wconf 85' lang='lat' dir='ltr'><strong>existimabat.</strong></span> 
     </span>
     <span class='ocr_line' id='line_1_28' title="bbox 250 3157 1210 3243; baseline 0.001 -21"><span class='ocrx_word' id='word_1_195' title='bbox 250 3158 369 3222; x_wconf 86' lang='lat' dir='ltr'><strong>XVIII.</strong></span> <span class='ocrx_word' id='word_1_196' title='bbox 414 3159 483 3223; x_wconf 90' lang='lat' dir='ltr'><strong>Hac</strong></span> <span class='ocrx_word' id='word_1_197' title='bbox 508 3157 691 3224; x_wconf 87' lang='lat' dir='ltr'><strong>confirmata</strong></span> <span class='ocrx_word' id='word_1_198' title='bbox 716 3159 863 3243; x_wconf 89' lang='lat' dir='ltr'><strong>opinione</strong></span> <span class='ocrx_word' id='word_1_199' title='bbox 889 3158 1008 3224; x_wconf 71' lang='lat' dir='ltr'><strong>timoriS</strong></span> <span class='ocrx_word' id='word_1_200' title='bbox 1030 3157 1176 3224; x_wconf 89' lang='lat' dir='ltr'><strong>idoneum</strong></span> <span class='ocrx_word' id='word_1_201' title='bbox 1198 3176 1210 3223; x_wconf 83' lang='lat' dir='ltr'><strong>r</strong></span> 
     </span>
     <span class='ocr_line' id='line_1_29' title="bbox 150 3255 1176 3345; baseline -0.003 -19"><span class='ocrx_word' id='word_1_202' title='bbox 150 3255 307 3344; x_wconf 81' lang='lat' dir='ltr'><strong>quendam</strong></span> <span class='ocrx_word' id='word_1_203' title='bbox 336 3259 493 3326; x_wconf 90' lang='lat' dir='ltr'><strong>hominem</strong></span> <span class='ocrx_word' id='word_1_204' title='bbox 524 3267 554 3326; x_wconf 90' lang='lat' dir='ltr'><strong>et</strong></span> <span class='ocrx_word' id='word_1_205' title='bbox 584 3261 731 3326; x_wconf 89' lang='lat' dir='ltr'><strong>callidum</strong></span> <span class='ocrx_word' id='word_1_206' title='bbox 760 3261 886 3345; x_wconf 83' lang='lat' dir='ltr'><strong>delegit,</strong></span> <span class='ocrx_word' id='word_1_207' title='bbox 911 3260 1035 3326; x_wconf 82' lang='lat' dir='ltr'><strong>Gallum</strong></span> <span class='ocrx_word' id='word_1_208' title='bbox 1065 3280 1105 3325; x_wconf 84' lang='lat' dir='ltr'><strong>ex</strong></span> <span class='ocrx_word' id='word_1_209' title='bbox 1128 3260 1176 3339; x_wconf 81' lang='lat' dir='ltr'><strong>ds,</strong></span> 
     </span>
     <span class='ocr_line' id='line_1_30' title="bbox 151 3362 1212 3447; baseline 0.001 -20"><span class='ocrx_word' id='word_1_210' title='bbox 151 3383 226 3444; x_wconf 84' lang='lat' dir='ltr'><strong>qnos</strong></span> <span class='ocrx_word' id='word_1_211' title='bbox 248 3362 359 3426; x_wconf 84' lang='lat' dir='ltr'><strong>auxilii</strong></span> <span class='ocrx_word' id='word_1_212' title='bbox 382 3383 476 3427; x_wconf 82' lang='lat' dir='ltr'><strong>causa</strong></span> <span class='ocrx_word' id='word_1_213' title='bbox 498 3383 604 3428; x_wconf 81' lang='lat' dir='ltr'><strong>secum</strong></span> <span class='ocrx_word' id='word_1_214' title='bbox 626 3363 773 3429; x_wconf 85' lang='lat' dir='ltr'><strong>habebat.</strong></span> <span class='ocrx_word' id='word_1_215' title='bbox 804 3364 877 3428; x_wconf 91' lang='lat' dir='ltr'><strong>huic</strong></span> <span class='ocrx_word' id='word_1_216' title='bbox 892 3363 1015 3447; x_wconf 85' lang='lat' dir='ltr'><strong>magnis</strong></span> <span class='ocrx_word' id='word_1_217' title='bbox 1030 3362 1212 3446; x_wconf 79' lang='lat' dir='ltr'><strong>praemiina</strong></span> 
     </span>
     <span class='ocr_line' id='line_1_31' title="bbox 150 3463 1178 3548; baseline -0.002 -18"><span class='ocrx_word' id='word_1_218' title='bbox 150 3463 486 3547; x_wconf 85' lang='lat' dir='ltr'><strong>pollicitationibusque</strong></span> <span class='ocrx_word' id='word_1_219' title='bbox 508 3465 685 3548; x_wconf 86' lang='lat' dir='ltr'><strong>persuadet,</strong></span> <span class='ocrx_word' id='word_1_220' title='bbox 708 3466 754 3530; x_wconf 89' lang='lat' dir='ltr'><strong>uti</strong></span> <span class='ocrx_word' id='word_1_221' title='bbox 776 3465 818 3530; x_wconf 87' lang='lat' dir='ltr'><strong>ad</strong></span> <span class='ocrx_word' id='word_1_222' title='bbox 840 3466 945 3531; x_wconf 87' lang='lat' dir='ltr'><strong>hostes</strong></span> <span class='ocrx_word' id='word_1_223' title='bbox 968 3471 1116 3546; x_wconf 84' lang='lat' dir='ltr'><strong>transeat,</strong></span> <span class='ocrx_word' id='word_1_224' title='bbox 1147 3469 1178 3528; x_wconf 90' lang='lat' dir='ltr'><strong>et</strong></span> 
     </span>
     <span class='ocr_line' id='line_1_32' title="bbox 151 3565 1212 3651; baseline 0.003 -21"><span class='ocrx_word' id='word_1_225' title='bbox 151 3565 223 3648; x_wconf 92' lang='lat' dir='ltr'><strong>quid</strong></span> <span class='ocrx_word' id='word_1_226' title='bbox 242 3565 310 3630; x_wconf 87' lang='lat' dir='ltr'><strong>fieri</strong></span> <span class='ocrx_word' id='word_1_227' title='bbox 329 3566 414 3646; x_wconf 90' lang='lat' dir='ltr'><strong>velit,</strong></span> <span class='ocrx_word' id='word_1_228' title='bbox 435 3565 552 3630; x_wconf 88' lang='lat' dir='ltr'><strong>edocet.</strong></span> <span class='ocrx_word' id='word_1_229' title='bbox 577 3567 630 3648; x_wconf 89' lang='lat' dir='ltr'><strong>qui</strong></span> <span class='ocrx_word' id='word_1_230' title='bbox 650 3567 704 3632; x_wconf 95' lang='lat' dir='ltr'><strong>ubi</strong></span> <span class='ocrx_word' id='word_1_231' title='bbox 723 3587 779 3650; x_wconf 89' lang='lat' dir='ltr'><strong>pro</strong></span> <span class='ocrx_word' id='word_1_232' title='bbox 793 3575 927 3651; x_wconf 84' lang='lat' dir='ltr'><strong>perluga</strong></span> <span class='ocrx_word' id='word_1_233' title='bbox 945 3566 987 3632; x_wconf 88' lang='lat' dir='ltr'><strong>ad</strong></span> <span class='ocrx_word' id='word_1_234' title='bbox 1009 3587 1062 3632; x_wconf 82' lang='lat' dir='ltr'><strong>cos</strong></span> <span class='ocrx_word' id='word_1_235' title='bbox 1081 3567 1176 3646; x_wconf 89' lang='lat' dir='ltr'><strong>venit,</strong></span> <span class='ocrx_word' id='word_1_236' title='bbox 1196 3585 1212 3633; x_wconf 80' lang='lat' dir='ltr'><strong>a</strong></span> 
     </span>
    </p>
   </div>
   <div class='ocr_carea' id='block_1_5' title="bbox 21 3668 1178 3754">
    <p class='ocr_par' dir='ltr' id='par_1_6' title="bbox 21 3668 1178 3754">
     <span class='ocr_line' id='line_1_33' title="bbox 21 3668 1178 3754; baseline 0 -21"><span class='ocrx_word' id='word_1_237' title='bbox 21 3677 24 3681; x_wconf 83' lang='lat'>&#39;</span> <span class='ocrx_word' id='word_1_238' title='bbox 150 3669 291 3734; x_wconf 90' lang='lat' dir='ltr'><strong>timorem</strong></span> <span class='ocrx_word' id='word_1_239' title='bbox 324 3669 534 3734; x_wconf 91' lang='lat' dir='ltr'><strong>Romanorum</strong></span> <span class='ocrx_word' id='word_1_240' title='bbox 570 3669 728 3753; x_wconf 93' lang='lat' dir='ltr'><strong>proponit,</strong></span> <span class='ocrx_word' id='word_1_241' title='bbox 768 3670 881 3752; x_wconf 83' lang='lat' dir='ltr'><strong>quibus</strong></span> <span class='ocrx_word' id='word_1_242' title='bbox 917 3670 1069 3754; x_wconf 81' lang='lat' dir='ltr'><strong>angustiIc</strong></span> <span class='ocrx_word' id='word_1_243' title='bbox 1110 3668 1178 3752; x_wconf 84' lang='lat' dir='ltr'><strong>ipse</strong></span> 
     </span>
    </p>
   </div>
   <div class='ocr_carea' id='block_1_6' title="bbox 150 3771 1212 3958">
    <p class='ocr_par' dir='ltr' id='par_1_7' title="bbox 150 3771 1212 3958">
     <span class='ocr_line' id='line_1_34' title="bbox 151 3771 1212 3856; baseline 0.002 -18"><span class='ocrx_word' id='word_1_244' title='bbox 151 3773 267 3838; x_wconf 81' lang='lat' dir='ltr'><strong>Caesar</strong></span> <span class='ocrx_word' id='word_1_245' title='bbox 288 3772 454 3837; x_wconf 83' lang='lat' dir='ltr'><strong>aVenetis</strong></span> <span class='ocrx_word' id='word_1_246' title='bbox 473 3778 640 3856; x_wconf 90' lang='lat' dir='ltr'><strong>prematur,</strong></span> <span class='ocrx_word' id='word_1_247' title='bbox 663 3771 764 3854; x_wconf 87' lang='lat' dir='ltr'><strong>docet,</strong></span> <span class='ocrx_word' id='word_1_248' title='bbox 787 3792 890 3855; x_wconf 90' lang='lat' dir='ltr'><strong>neque</strong></span> <span class='ocrx_word' id='word_1_249' title='bbox 914 3772 1037 3855; x_wconf 79' lang='lat' dir='ltr'><strong>longius</strong></span> <span class='ocrx_word' id='word_1_250' title='bbox 1056 3771 1212 3852; x_wconf 70' lang='lat' dir='ltr'><strong>abessan</strong></span> 
     </span>
     <span class='ocr_line' id='line_1_35' title="bbox 150 3873 1177 3958; baseline -0.003 -19"><span class='ocrx_word' id='word_1_251' title='bbox 150 3875 225 3956; x_wconf 90' lang='lat' dir='ltr'><strong>quin</strong></span> <span class='ocrx_word' id='word_1_252' title='bbox 248 3875 392 3958; x_wconf 86' lang='lat' dir='ltr'><strong>proxima</strong></span> <span class='ocrx_word' id='word_1_253' title='bbox 415 3880 506 3938; x_wconf 91' lang='lat' dir='ltr'><strong>nocte</strong></span> <span class='ocrx_word' id='word_1_254' title='bbox 529 3874 665 3940; x_wconf 85' lang='lat' dir='ltr'><strong>Sabinus</strong></span> <span class='ocrx_word' id='word_1_255' title='bbox 694 3876 774 3938; x_wconf 91' lang='lat' dir='ltr'><strong>clam</strong></span> <span class='ocrx_word' id='word_1_256' title='bbox 804 3894 845 3938; x_wconf 87' lang='lat' dir='ltr'><strong>ex</strong></span> <span class='ocrx_word' id='word_1_257' title='bbox 872 3873 983 3938; x_wconf 86' lang='lat' dir='ltr'><strong>castris</strong></span> <span class='ocrx_word' id='word_1_258' title='bbox 1006 3874 1177 3938; x_wconf 86' lang='lat' dir='ltr'><strong>exercitum</strong></span> 
     </span>
    </p>
   </div>
   <div class='ocr_carea' id='block_1_7' title="bbox 0 0 1485 4192">
    <p class='ocr_par' dir='ltr' id='par_1_8' title="bbox 0 0 1485 4192">
     <span class='ocr_line' id='line_1_36' title="bbox 0 0 1485 4192; baseline 0 0"><span class='ocrx_word' id='word_1_259' title='bbox 0 0 1485 4192; x_wconf 95' lang='lat' dir='ltr'><strong> </strong></span> 
     </span>
    </p>
   </div>
  </div>
 </body>
</html>
