2968 4190
490 229 596 284 conn.
610 230 659 284 vr.
679 229 760 284 ons.
774 231 915 285 V11-1x.
1174 189 1235 278 119

206 403 398 487 imperatori
415 403 642 486 praestitistis,
667 413 762 486 utque
785 402 883 466 illam
906 403 1015 467 adesse
1038 414 1067 468 et
1089 405 1166 468 baec
1188 426 1234 468 eo-

159 589 162 595 ·
204 526 277 567 rani
299 527 427 568 eernere
442 506 631 568 existimate.
662 505 754 570 simul
773 506 865 590 signa
887 506 929 571 ad
950 506 1072 574 hostem
1095 508 1267 577 convertit

203 607 368 689 aciemque
390 606 484 690 dirigi
510 607 597 672 iubet
620 614 651 672 et
673 608 782 692 paucis
805 609 915 674 turmis
937 609 1094 695 praesidio
1116 609 1158 675 ad
1180 610 1248 686 im<

203 711 385 794 pedimenta
414 709 551 776 dimissis
581 710 717 793 reliquos
747 711 869 793 equites
897 711 940 778 ad
965 713 1064 778 latera
1086 713 1231 798 disponit.

203 814 345 878 celeriter
367 813 465 878 nostri
488 814 623 878 clamore
646 814 768 880 sublato
790 815 856 899 pila
878 815 911 878 in
926 814 1032 880 hostes
1050 815 1266 885 immittente

201 917 256 1000 illi,
286 916 341 982 ubi
369 922 493 1000 praeter
521 936 620 1000 spem,
652 937 729 1012 qqcs
759 917 868 1002 fugere
898 918 1078 1002 credebant,
1109 917 1232 984 infestis

202 1019 301 1103 signis
323 1018 365 1083 ad
387 1039 422 1084 se
444 1019 490 1083 ire
513 1019 669 1103 viderunt,
700 1019 853 1105 impetum
876 1020 968 1086 modo
990 1021 1072 1086 ferre
1095 1041 1158 1087 non
1180 1041 1230 1105 po

202 1128 328 1187 tuerunt
349 1141 387 1186 ac
413 1122 514 1206 primo
537 1142 689 1187 concursu
716 1123 749 1188 in
776 1123 886 1207 fugam
913 1123 1045 1190 coniecti
1071 1125 1230 1208 proximas

201 1225 297 1290 silvas
333 1225 499 1309 petierunt.
553 1245 629 1308 quos
663 1225 822 1292 Labienus
856 1227 997 1308 equitatu
1035 1233 1264 1294 consectatusr

202 1348 316 1410 magno
331 1347 461 1392 numero
476 1327 649 1410 interfecto,
674 1329 885 1412 compluribus
908 1329 1009 1413 captis
1031 1330 1139 1414 paucis
1160 1336 1230 1414 post

200 1430 312 1495 diebus
335 1430 495 1494 civitatem
519 1431 646 1514 recepit.
685 1451 759 1495 nam
782 1431 940 1516 Germani,
965 1431 1019 1514 qui
1040 1433 1158 1497 auxilio
1180 1453 1230 1497 ve·

201 1533 340 1616 niebant,
363 1540 513 1617 percepta
534 1535 741 1598 Treverorum
763 1533 841 1616 fuga
862 1553 932 1599 sese
954 1532 1081 1599 domum
1107 1555 1229 1620 recepe

201 1642 280 1700 runt.
327 1656 398 1700 cum
427 1635 477 1700 his
506 1635 674 1720 propinqui
702 1634 922 1719 Indutiomari,
958 1636 1012 1719 qui
1045 1636 1263 1707 defectioniss

200 1746 342 1804 auctores
372 1739 505 1822 fuerant,
537 1739 676 1803 comitati
706 1758 760 1804 eos
790 1758 830 1802 ex
861 1739 989 1804 civitate
1016 1747 1226 1806 excesserunt.

201 1841 403 1925 Cingetorigi,
434 1861 528 1923 quem
557 1843 597 1907 ab
628 1841 716 1904 initio
746 1841 956 1925 permansisse
986 1842 1019 1906 in
1048 1841 1150 1907 officio
1178 1842 1262 1913 des

200 1945 450 2027 monstravimus,
473 1944 667 2029 principatus
689 1950 784 2027 atquc
812 1945 978 2029 imperium
1000 1951 1048 2010 est
1069 1945 1226 2011 traditum.

302 2049 358 2112 IX.
406 2049 531 2129 Caesar,
560 2053 727 2132 postquam
758 2067 799 2112 cx
828 2047 982 2132 Menapiis
1012 2048 1045 2112 in
1074 2049 1260 2119 Treverost

200 2151 296 2236 venit,
319 2150 441 2217 duabus
463 2150 503 2216 de
526 2151 629 2216 causis
643 2150 789 2215 Rhenum
812 2151 943 2218 transire
959 2151 1131 2236 constituit;
1155 2172 1227 2235 qua
1246 2174 1261 2220 a

199 2276 267 2319 rum
290 2274 354 2320 una
376 2260 451 2338 crat,
476 2253 559 2337 quod
582 2254 732 2320 Germani
754 2253 873 2318 auxilia
896 2261 1004 2318 contra
1026 2275 1060 2320 sc
1082 2255 1227 2320 Treveris

200 2359 359 2440 miserant,
382 2357 490 2437 altera,
514 2377 555 2422 ne
577 2356 619 2420 ad
641 2376 695 2422 eos
716 2357 881 2422 Ambiorix
903 2363 1064 2441 receptum
1087 2357 1225 2423 haberet.

200 2460 248 2526 bis
272 2460 447 2525 constitutis
468 2459 564 2525 rebus
585 2460 712 2544 paulum
732 2479 826 2543 supra
841 2479 913 2523 eum
935 2460 1046 2542 locum,
1070 2480 1131 2541 quo
1153 2467 1261 2530 antes

200 2563 371 2629 exercitum
398 2561 591 2646 traduxerat,
615 2561 719 2626 facere
741 2568 868 2646 pontem
891 2561 1034 2626 instituit.
1080 2569 1154 2628 nota
1182 2570 1261 2634 atr

200 2686 261 2748 que
290 2665 433 2730 instituta
462 2665 583 2730 ratione
612 2684 727 2747 magno
753 2664 885 2731 militum
909 2663 1011 2728 studio
1034 2665 1142 2748 paucis
1164 2663 1227 2729 die·

200 2771 258 2836 bus
288 2788 366 2852 opus
397 2767 539 2834 efficitur.
585 2767 673 2832 firmo
703 2767 736 2830 in
758 2766 904 2830 treveris
925 2765 967 2829 ad
989 2773 1117 2849 pontem
1140 2787 1260 2850 prae-s

199 2872 278 2938 sidio
316 2871 423 2936 relicto
428 2923 438 2956 ,
471 2891 512 2934 ne
547 2870 616 2952 quis
649 2871 689 2935 ab
723 2868 772 2932 his
805 2868 909 2934 subito
943 2875 1045 2934 motus
1078 2875 1225 2951 oreretur,

198 2975 334 3057 reliquas
364 2974 475 3062 copias
500 2973 734 3056 equitatumque
764 2970 908 3035 traducit.
954 2971 1038 3055 Ubii,
1069 2971 1122 3053 qui
1151 2979 1260 3041 antes

198 3077 324 3144 obsides
347 3076 500 3141 dederant
521 3083 615 3158 atque
637 3075 668 3141 in
686 3073 877 3139 deditionem
893 3081 1054 3157 venerant,
1070 3074 1226 3158 purgandi

198 3182 246 3247 sui
262 3200 357 3246 eausa
371 3180 414 3245 ad
429 3200 500 3244 eum
515 3181 636 3263 legatos
651 3177 788 3261 mittunt,
805 3162 859 3258 qui
874 3176 1008 3241 doceant
1022 3197 1125 3259 neque
1139 3178 1226 3242 auxi-

198 3285 240 3350 lia
252 3305 293 3350 ex
308 3304 366 3349 sua
377 3283 505 3348 civitate
520 3283 552 3346 in
563 3283 717 3347 Treveros
732 3280 828 3345 missa
843 3299 946 3362 neque
957 3281 997 3346 ab
1010 3300 1044 3345 se
1055 3280 1151 3345 fidem
1165 3281 1226 3346 lae

198 3408 279 3472 sam;
302 3392 414 3471 petunt
429 3392 523 3468 atque
538 3391 638 3469 orant,
661 3390 696 3448 ut
711 3383 772 3448 sibi
786 3390 903 3468 parcat,
926 3403 968 3448 ne
983 3384 1139 3448 communi
1154 3383 1225 3448 odio
1244 3402 1258 3450 r

198 3490 424 3555 Germanorum
447 3487 631 3552 innocentes
652 3507 708 3572 pro
727 3486 912 3551 nocentibus
933 3505 1051 3570 poenas
1069 3485 1223 3570 pendant;

197 3593 224 3658 si
238 3593 373 3676 amplius
387 3590 531 3656 obsidum
546 3591 651 3674 vellet,
668 3589 743 3654 dare
757 3590 951 3673 pollicentur.
968 3589 1094 3673 cognita
1110 3589 1225 3655 Caesar
1243 3609 1259 3657 s

197 3716 293 3760 causa
321 3694 446 3779 reperit,
476 3694 516 3757 ab
544 3693 657 3760 Suebis
686 3693 806 3758 auxilia
834 3692 931 3757 missa
960 3711 1042 3776 esse3
1074 3691 1222 3758 Ubiorum

196 3798 442 3864 satisfactionem
462 3796 585 3879 accipit,
601 3796 706 3860 aditus
725 3795 856 3875 viasque
876 3794 909 3858 in
929 3795 1048 3860 Suebos
1064 3793 1223 3878 perquirit.
