2960 4192
459 172 661 241 1111111111.
680 173 763 228 one.
776 174 933 230 rx-xru.
1151 162 1212 226 193

178 343 372 429 Biturigibus
401 343 573 426 hiemabat,
603 351 777 412 arcesseret
805 352 901 429 atque
933 347 979 412 ita
1013 369 1084 414 cum
1113 350 1212 416 tribus

176 448 354 531 legionibus
376 447 502 532 magnis
524 447 689 513 itineribus
711 447 753 512 ad
774 467 809 514 se
833 450 969 536 veniret,
992 451 1060 535 ipse
1091 453 1245 536 equitesa

175 550 209 615 in
231 549 336 615 vicem
357 552 526 616 Remorum
548 571 586 616 ac
612 551 792 635 Lingonum
821 553 1076 638 reliquammque
1106 557 1212 620 civita

176 659 253 734 tum,
287 673 418 736 quorum
451 674 602 739 magnum
631 675 796 720 numerum
826 663 1023 741 evocaverat,
1055 657 1211 742 praesidio

176 756 432 840 pabulationibus
465 757 571 839 mittit,
607 757 660 840 qui
694 758 814 824 subitas
847 759 1042 825 incursiones
1074 760 1211 826 hostium

103 901 105 908 ,
176 859 376 924 sustinerent.

279 963 352 1028 XII.
376 961 468 1039 Quod
492 983 563 1027 cum
587 962 702 1028 cotidie
723 963 822 1048 fieret,
845 984 884 1028 ac
905 964 970 1028 iarn
985 964 1211 1031 consuetudine
1231 987 1243 1032 1

176 1064 341 1148 diligentia
351 1065 554 1149 minueretur,
571 1065 655 1148 quod
669 1067 854 1151 plerumque
865 1065 981 1132 accidit
996 1066 1209 1152 diutmnitate,

175 1169 336 1234 Bellovaci
359 1168 482 1234 delecta
502 1189 600 1234 manu
622 1169 764 1253 peditum
788 1170 922 1254 cognitis
952 1169 1140 1236 stationibus
1163 1190 1211 1235 co·

116 1333 118 1338 .
175 1271 305 1338 tidianis
328 1272 468 1355 equitum
490 1278 666 1338 nostrorum
685 1274 882 1338 silvestribus
903 1273 980 1339 locis
1002 1273 1135 1339 insidias
1150 1273 1210 1338 dis-

175 1381 297 1460 ponunt
324 1377 498 1459 eodemque
525 1376 646 1460 equites
673 1383 797 1462 postero
820 1375 872 1442 die
898 1377 1035 1460 mittunt,
1067 1377 1122 1460 qui
1151 1377 1243 1462 pri-a

176 1499 262 1544 mum
274 1479 422 1544 elicerent
437 1487 568 1563 nostros,
585 1478 701 1545 deinde
712 1480 941 1546 circumventos
951 1479 1208 1564 aggrederentur.

177 1583 264 1649 1111111
286 1583 361 1648 mali
383 1603 450 1650 sors
471 1582 583 1649 incidit
604 1583 724 1667 Remis,
753 1583 868 1666 quibus
889 1583 943 1648 1111
965 1582 1033 1660 dies
1055 1582 1243 1667 ungendis
1332 1603 1336 1613 ·

176 1687 314 1752 muneris
347 1687 528 1752 obvenerat.
573 1705 710 1768 namque
739 1685 781 1769 hi,
813 1706 884 1751 cum
914 1691 1044 1770 repente
1073 1685 1210 1751 hostium

177 1789 298 1871 equites
326 1789 624 1854 animadvertissent
653 1809 692 1853 ac
722 1809 852 1854 numero
874 1788 1050 1871 superiores
1072 1788 1210 1872 paucita-

175 1898 240 1958 tem
263 1893 535 1978 contempsissent,
559 1891 703 1978 cupidius
725 1893 858 1958 insecuti
879 1891 1040 1976 peditibus
1069 1890 1209 1974 undique

176 2002 250 2062 sunt
279 1995 472 2062 circumdati.
519 2016 580 2079 quo
613 1995 697 2061 facto
730 1995 904 2080 perturbati
938 1995 1079 2076 celerius,
1114 2015 1242 2077 quaml

176 2099 368 2165 consuetudo
382 2098 443 2164 1111
455 2099 609 2182 equestris
624 2099 743 2183 proelii,
759 2118 794 2164 se
809 2103 994 2182 receperunt
1008 2097 1123 2163 amisso
1136 2098 1209 2163 Ver-

175 2204 264 2288 tisco,
297 2204 439 2288 principe
473 2203 623 2287 civitatis,
660 2203 820 2288 praefecto
854 2202 1008 2287 equitum;
1047 2202 1100 2284 qui
1137 2222 1242 2268 cums

175 2307 232 2372 vix
266 2325 346 2389 equo
378 2312 505 2391 propter
537 2312 676 2372 aetatem
708 2311 815 2391 posset
847 2305 907 2389 uti,
941 2311 1049 2369 tamen
1084 2325 1209 2370 consue·

176 2409 286 2475 tudine
320 2409 479 2476 Gallorum
512 2428 616 2492 neque
656 2409 770 2474 aetatis
805 2409 1009 2473 excusatione
1045 2408 1079 2472 in
1117 2408 1209 2473 susci-

175 2512 293 2599 pienda
307 2513 505 2596 praefectura
519 2532 594 2578 usus
611 2518 677 2576 erat
696 2531 799 2594 neque
815 2510 957 2576 dimicari
972 2511 1041 2576 sine
1056 2530 1091 2575 se
1106 2511 1208 2574 volue-

176 2623 232 2682 rat.
270 2614 420 2682 inflantur
452 2621 548 2698 atque
577 2615 749 2680 incitantur
777 2614 914 2679 hostium
943 2612 1041 2677 animi
1071 2611 1242 2679 secundos

175 2719 304 2804 proelio,
326 2717 468 2804 principe
491 2724 522 2783 et
540 2716 700 2803 praefecto
714 2719 882 2782 Remorum
901 2714 1075 2798 interfecto,
1100 2713 1208 2779 nostri·
1227 2735 1241 2782 1

161 2842 238 2906 que
265 2820 453 2886 detrimento
482 2820 690 2886 admonentur
719 2819 902 2903 diligentius
932 2818 1103 2901 exploratis
1132 2816 1208 2882 locis

176 2925 327 2991 stationes
367 2923 533 3008 disponere
573 2943 611 2988 ac
650 2923 842 2988 moderatius
880 2920 1045 2986 cedentem
1085 2919 1208 3002 insequi

176 3028 307 3094 hostem.

279 3132 369 3196 XIII.
413 3129 721 3196 Non'intermittunt
749 3126 875 3192 interim
905 3125 1063 3191 cotidiana
1090 3124 1240 3210 proeliar

175 3236 209 3300 111
232 3240 402 3318 conspectu
422 3240 623 3315 utrorumque
639 3237 820 3313 castrorum,
844 3249 925 3312 quae
947 3227 989 3293 ad
1004 3227 1088 3293 vada
1110 3234 1208 3292 trans·

175 3339 300 3422 itusque
322 3337 442 3402 fiebant
463 3336 597 3420 paludis.
643 3355 705 3418 qua
728 3332 927 3399 contentione
949 3331 1107 3411 Germani,
1132 3350 1242 3412 quasa

176 3448 342 3527 propterea
364 3441 481 3506 Caesar
503 3438 687 3504 traduxerat
708 3436 864 3516 Rhenum,
887 3442 922 3500 ut
938 3435 1094 3517 equitibus
1116 3433 1208 3496 inter-

176 3544 270 3629 positi
302 3544 537 3629 proeliarentur,
569 3562 639 3608 cum
670 3539 862 3606 constantius
894 3537 1031 3602 universi
1060 3534 1208 3619 paludem

178 3648 363 3714 transissent
384 3647 556 3732 paucisque
578 3646 612 3710 in
633 3641 808 3709 resistendo
830 3640 1003 3705 interfectis
1018 3637 1208 3723 pertinacius

179 3751 329 3832 reliquam
352 3747 584 3814 multitudinem
607 3752 712 3813 essent
733 3743 877 3823 insecuti,
899 3740 1055 3826 perten'iti
1077 3760 1140 3804 non
1163 3758 1208 3802 so·

229 3860 334 3908 Caesar,
349 3860 375 3901 de
388 3859 446 3900 bello
460 3857 549 3898 Gallico.
972 3847 1001 3894 13
