<?xml version="1.0" encoding="UTF-8"?>
<!DOCTYPE html PUBLIC "-//W3C//DTD XHTML 1.0 Transitional//EN"
    "http://www.w3.org/TR/xhtml1/DTD/xhtml1-transitional.dtd">
<html xmlns="http://www.w3.org/1999/xhtml" xml:lang="en" lang="en">
 <head>
  <title>
</title>
<meta http-equiv="Content-Type" content="text/html;charset=utf-8" />
  <meta name='ocr-system' content='tesseract 3.04.00' />
  <meta name='ocr-capabilities' content='ocr_page ocr_carea ocr_par ocr_line ocrx_word'/>
</head>
<body>
  <div class='ocr_page' id='page_1' title='image "./commentariidebe00pramgoog_0209.png"; bbox 0 0 2960 4192; ppageno 0'>
   <div class='ocr_carea' id='block_1_1' title="bbox 287 219 986 289">
    <p class='ocr_par' dir='ltr' id='par_1_1' title="bbox 287 219 986 289">
     <span class='ocr_line' id='line_1_1' title="bbox 287 219 986 289; baseline 0.01 -7"><span class='ocrx_word' id='word_1_1' title='bbox 287 219 349 282; x_wconf 86' lang='grc'><strong>194</strong></span> <span class='ocrx_word' id='word_1_2' title='bbox 622 234 670 286; x_wconf 87' lang='lat' dir='ltr'><strong>DE</strong></span> <span class='ocrx_word' id='word_1_3' title='bbox 690 234 806 288; x_wconf 89' lang='lat' dir='ltr'>BELLO</span> <span class='ocrx_word' id='word_1_4' title='bbox 824 234 986 289; x_wconf 84' lang='lat' dir='ltr'>GALLICO</span> 
     </span>
    </p>
   </div>
   <div class='ocr_carea' id='block_1_2' title="bbox 180 407 1322 3891">
    <p class='ocr_par' dir='ltr' id='par_1_2' title="bbox 180 407 1322 3891">
     <span class='ocr_line' id='line_1_2' title="bbox 284 407 1322 491; baseline 0.001 -18"><span class='ocrx_word' id='word_1_5' title='bbox 284 409 349 473; x_wconf 92' lang='lat' dir='ltr'><strong>lum</strong></span> <span class='ocrx_word' id='word_1_6' title='bbox 371 407 404 489; x_wconf 83' lang='lat' dir='ltr'><strong>ii,</strong></span> <span class='ocrx_word' id='word_1_7' title='bbox 428 407 481 490; x_wconf 93' lang='lat' dir='ltr'><strong>qui</strong></span> <span class='ocrx_word' id='word_1_8' title='bbox 504 413 558 472; x_wconf 91' lang='lat' dir='ltr'><strong>aut</strong></span> <span class='ocrx_word' id='word_1_9' title='bbox 575 407 748 472; x_wconf 90' lang='lat' dir='ltr'><strong>comminus</strong></span> <span class='ocrx_word' id='word_1_10' title='bbox 771 407 1028 491; x_wconf 87' lang='lat' dir='ltr'><strong>opprimebantur</strong></span> <span class='ocrx_word' id='word_1_11' title='bbox 1043 415 1097 472; x_wconf 87' lang='lat' dir='ltr'><strong>aut</strong></span> <span class='ocrx_word' id='word_1_12' title='bbox 1114 409 1236 474; x_wconf 87' lang='lat' dir='ltr'><strong>eminus</strong></span> <span class='ocrx_word' id='word_1_13' title='bbox 1255 411 1322 474; x_wconf 89' lang='lat' dir='ltr'><strong>vul·</strong></span> 
     </span>
     <span class='ocr_line' id='line_1_3' title="bbox 284 510 1321 595; baseline 0.001 -18"><span class='ocrx_word' id='word_1_14' title='bbox 284 513 484 594; x_wconf 76' lang='lat' dir='ltr'><strong>amabantur,</strong></span> <span class='ocrx_word' id='word_1_15' title='bbox 509 510 691 593; x_wconf 84' lang='lat' dir='ltr'><strong>sedetiam,</strong></span> <span class='ocrx_word' id='word_1_16' title='bbox 716 510 770 593; x_wconf 92' lang='lat' dir='ltr'><strong>qui</strong></span> <span class='ocrx_word' id='word_1_17' title='bbox 792 511 916 595; x_wconf 90' lang='lat' dir='ltr'><strong>longius</strong></span> <span class='ocrx_word' id='word_1_18' title='bbox 931 511 1100 576; x_wconf 80' lang='lat' dir='ltr'><strong>subsidiari</strong></span> <span class='ocrx_word' id='word_1_19' title='bbox 1122 519 1321 595; x_wconf 81' lang='lat' dir='ltr'>consuerant,</span> 
     </span>
     <span class='ocr_line' id='line_1_4' title="bbox 250 612 1322 701; baseline -0.001 -19"><span class='ocrx_word' id='word_1_20' title='bbox 250 613 415 698; x_wconf 84' lang='lat' dir='ltr'><strong>aturpiter</strong></span> <span class='ocrx_word' id='word_1_21' title='bbox 437 613 620 698; x_wconf 86' lang='lat' dir='ltr'><strong>refugerunt</strong></span> <span class='ocrx_word' id='word_1_22' title='bbox 643 633 702 679; x_wconf 92' lang='lat' dir='ltr'><strong>nec</strong></span> <span class='ocrx_word' id='word_1_23' title='bbox 724 612 811 698; x_wconf 91' lang='lat' dir='ltr'><strong>prius</strong></span> <span class='ocrx_word' id='word_1_24' title='bbox 832 613 929 678; x_wconf 89' lang='lat' dir='ltr'>finem</span> <span class='ocrx_word' id='word_1_25' title='bbox 952 614 1047 698; x_wconf 87' lang='lat' dir='ltr'><strong>fugae</strong></span> <span class='ocrx_word' id='word_1_26' title='bbox 1067 613 1210 680; x_wconf 88' lang='lat' dir='ltr'><strong>fecerunt</strong></span> <span class='ocrx_word' id='word_1_27' title='bbox 1225 635 1322 701; x_wconf 82' lang='lat' dir='ltr'>saepe</span> 
     </span>
     <span class='ocr_line' id='line_1_5' title="bbox 283 717 1321 801; baseline 0.002 -19"><span class='ocrx_word' id='word_1_28' title='bbox 283 718 408 782; x_wconf 87' lang='lat' dir='ltr'><strong>arnissis</strong></span> <span class='ocrx_word' id='word_1_29' title='bbox 424 717 636 801; x_wconf 89' lang='lat' dir='ltr'><strong>superioribus</strong></span> <span class='ocrx_word' id='word_1_30' title='bbox 658 717 744 799; x_wconf 86' lang='lat' dir='ltr'><strong>locis,</strong></span> <span class='ocrx_word' id='word_1_31' title='bbox 769 737 861 799; x_wconf 90' lang='lat' dir='ltr'><strong>quam</strong></span> <span class='ocrx_word' id='word_1_32' title='bbox 878 738 913 783; x_wconf 92' lang='lat' dir='ltr'><strong>se</strong></span> <span class='ocrx_word' id='word_1_33' title='bbox 934 725 990 782; x_wconf 84' lang='lat' dir='ltr'><strong>aut</strong></span> <span class='ocrx_word' id='word_1_34' title='bbox 1012 718 1046 782; x_wconf 93' lang='lat' dir='ltr'><strong>in</strong></span> <span class='ocrx_word' id='word_1_35' title='bbox 1069 725 1172 783; x_wconf 84' lang='lat' dir='ltr'><strong>castra</strong></span> <span class='ocrx_word' id='word_1_36' title='bbox 1194 739 1321 784; x_wconf 89' lang='lat' dir='ltr'><strong>suorum</strong></span> 
     </span>
     <span class='ocr_line' id='line_1_6' title="bbox 283 820 1321 908; baseline 0.001 -22"><span class='ocrx_word' id='word_1_37' title='bbox 283 820 459 905; x_wconf 81' lang='lat' dir='ltr'><strong>reciperent</strong></span> <span class='ocrx_word' id='word_1_38' title='bbox 481 827 536 886; x_wconf 91' lang='lat' dir='ltr'><strong>aut</strong></span> <span class='ocrx_word' id='word_1_39' title='bbox 565 821 707 886; x_wconf 91' lang='lat' dir='ltr'><strong>nonnulli</strong></span> <span class='ocrx_word' id='word_1_40' title='bbox 741 821 860 904; x_wconf 93' lang='lat' dir='ltr'><strong>pudore</strong></span> <span class='ocrx_word' id='word_1_41' title='bbox 891 821 990 886; x_wconf 89' lang='lat' dir='ltr'><strong>coacti</strong></span> <span class='ocrx_word' id='word_1_42' title='bbox 1020 821 1145 905; x_wconf 87' lang='lat' dir='ltr'><strong>longius</strong></span> <span class='ocrx_word' id='word_1_43' title='bbox 1175 822 1321 908; x_wconf 86' lang='lat' dir='ltr'><strong>profuge-</strong></span> 
     </span>
     <span class='ocr_line' id='line_1_7' title="bbox 250 924 1321 1010; baseline -0.002 -18"><span class='ocrx_word' id='word_1_44' title='bbox 250 931 362 992; x_wconf 74' lang='lat' dir='ltr'><strong>rrent.</strong></span> <span class='ocrx_word' id='word_1_45' title='bbox 409 945 539 1007; x_wconf 93' lang='lat' dir='ltr'><strong>quorum</strong></span> <span class='ocrx_word' id='word_1_46' title='bbox 569 924 707 1009; x_wconf 91' lang='lat' dir='ltr'><strong>periculo</strong></span> <span class='ocrx_word' id='word_1_47' title='bbox 738 924 784 988; x_wconf 89' lang='lat' dir='ltr'><strong>sio</strong></span> <span class='ocrx_word' id='word_1_48' title='bbox 817 945 926 990; x_wconf 91' lang='lat' dir='ltr'><strong>omnes</strong></span> <span class='ocrx_word' id='word_1_49' title='bbox 956 925 1065 1010; x_wconf 87' lang='lat' dir='ltr'><strong>copiae</strong></span> <span class='ocrx_word' id='word_1_50' title='bbox 1097 931 1170 992; x_wconf 85' lang='lat' dir='ltr'><strong>sunt</strong></span> <span class='ocrx_word' id='word_1_51' title='bbox 1202 933 1321 1010; x_wconf 89' lang='lat' dir='ltr'><strong>pertur-</strong></span> 
     </span>
     <span class='ocr_line' id='line_1_8' title="bbox 283 1028 1320 1112; baseline 0.002 -20"><span class='ocrx_word' id='word_1_52' title='bbox 283 1029 386 1112; x_wconf 83' lang='lat' dir='ltr'><strong>batae,</strong></span> <span class='ocrx_word' id='word_1_53' title='bbox 417 1035 452 1092; x_wconf 89' lang='lat' dir='ltr'><strong>ul</strong></span> <span class='ocrx_word' id='word_1_54' title='bbox 474 1029 530 1092; x_wconf 87' lang='lat' dir='ltr'><strong>vix</strong></span> <span class='ocrx_word' id='word_1_55' title='bbox 559 1028 691 1094; x_wconf 86' lang='lat' dir='ltr'><strong>iudicari</strong></span> <span class='ocrx_word' id='word_1_56' title='bbox 720 1034 836 1112; x_wconf 88' lang='lat' dir='ltr'><strong>posset,</strong></span> <span class='ocrx_word' id='word_1_57' title='bbox 867 1034 970 1093; x_wconf 88' lang='lat' dir='ltr'><strong>utrum</strong></span> <span class='ocrx_word' id='word_1_58' title='bbox 1001 1029 1148 1095; x_wconf 90' lang='lat' dir='ltr'><strong>secundis</strong></span> <span class='ocrx_word' id='word_1_59' title='bbox 1171 1029 1320 1094; x_wconf 90' lang='lat' dir='ltr'><strong>minimis-</strong></span> 
     </span>
     <span class='ocr_line' id='line_1_9' title="bbox 285 1130 1320 1215; baseline 0.001 -18"><span class='ocrx_word' id='word_1_60' title='bbox 285 1153 345 1215; x_wconf 88' lang='lat' dir='ltr'><strong>que</strong></span> <span class='ocrx_word' id='word_1_61' title='bbox 367 1131 462 1196; x_wconf 90' lang='lat' dir='ltr'><strong>rebus</strong></span> <span class='ocrx_word' id='word_1_62' title='bbox 483 1131 701 1196; x_wconf 83' lang='lat' dir='ltr'><strong>insolentiores</strong></span> <span class='ocrx_word' id='word_1_63' title='bbox 723 1151 766 1194; x_wconf 91' lang='lat' dir='ltr'><strong>an</strong></span> <span class='ocrx_word' id='word_1_64' title='bbox 781 1130 914 1197; x_wconf 90' lang='lat' dir='ltr'><strong>adverso</strong></span> <span class='ocrx_word' id='word_1_65' title='bbox 930 1131 1081 1196; x_wconf 90' lang='lat' dir='ltr'><strong>mediocri</strong></span> <span class='ocrx_word' id='word_1_66' title='bbox 1096 1152 1172 1198; x_wconf 89' lang='lat' dir='ltr'><strong>casu</strong></span> <span class='ocrx_word' id='word_1_67' title='bbox 1186 1133 1320 1198; x_wconf 89' lang='lat' dir='ltr'><strong>timidio-</strong></span> 
     </span>
     <span class='ocr_line' id='line_1_10' title="bbox 283 1242 1300 1300; baseline -0.002 -2"><span class='ocrx_word' id='word_1_68' title='bbox 283 1255 334 1300; x_wconf 86' lang='lat' dir='ltr'><strong>res</strong></span> <span class='ocrx_word' id='word_1_69' title='bbox 357 1242 471 1298; x_wconf 88' lang='lat' dir='ltr'><strong>essent.</strong></span> <span class='ocrx_word' id='word_1_70' title='bbox 1296 1242 1300 1248; x_wconf 82' lang='grc'><strong>’</strong></span> 
     </span>
     <span class='ocr_line' id='line_1_11' title="bbox 252 1336 1319 1423; baseline -0.003 -18"><span class='ocrx_word' id='word_1_71' title='bbox 252 1359 264 1405; x_wconf 83' lang='lat'>1</span> <span class='ocrx_word' id='word_1_72' title='bbox 387 1337 473 1401; x_wconf 88' lang='lat' dir='ltr'>XIV.</span> <span class='ocrx_word' id='word_1_73' title='bbox 491 1337 709 1421; x_wconf 79' lang='lat' dir='ltr'><strong>Compluribus</strong></span> <span class='ocrx_word' id='word_1_74' title='bbox 724 1336 836 1402; x_wconf 90' lang='lat' dir='ltr'><strong>diebus</strong></span> <span class='ocrx_word' id='word_1_75' title='bbox 851 1337 964 1403; x_wconf 90' lang='lat' dir='ltr'><strong>iisdem</strong></span> <span class='ocrx_word' id='word_1_76' title='bbox 978 1339 1014 1401; x_wconf 84' lang='lat' dir='ltr'><strong>ia</strong></span> <span class='ocrx_word' id='word_1_77' title='bbox 1030 1339 1141 1405; x_wconf 88' lang='lat' dir='ltr'><strong>castris</strong></span> <span class='ocrx_word' id='word_1_78' title='bbox 1156 1359 1319 1423; x_wconf 91' lang='lat' dir='ltr'><strong>consump-</strong></span> 
     </span>
     <span class='ocr_line' id='line_1_12' title="bbox 284 1439 1319 1524; baseline 0.004 -22"><span class='ocrx_word' id='word_1_79' title='bbox 284 1440 334 1522; x_wconf 85' lang='lat' dir='ltr'><strong>tis,</strong></span> <span class='ocrx_word' id='word_1_80' title='bbox 358 1459 428 1503; x_wconf 88' lang='lat' dir='ltr'><strong>eum</strong></span> <span class='ocrx_word' id='word_1_81' title='bbox 450 1439 578 1523; x_wconf 90' lang='lat' dir='ltr'><strong>propius</strong></span> <span class='ocrx_word' id='word_1_82' title='bbox 599 1439 769 1505; x_wconf 88' lang='lat' dir='ltr'><strong>accessisse</strong></span> <span class='ocrx_word' id='word_1_83' title='bbox 788 1441 929 1524; x_wconf 86' lang='lat' dir='ltr'><strong>legiones</strong></span> <span class='ocrx_word' id='word_1_84' title='bbox 952 1447 983 1506; x_wconf 87' lang='lat' dir='ltr'><strong>et</strong></span> <span class='ocrx_word' id='word_1_85' title='bbox 998 1441 1112 1506; x_wconf 82' lang='lat' dir='ltr'><strong>Gaium</strong></span> <span class='ocrx_word' id='word_1_86' title='bbox 1127 1443 1319 1508; x_wconf 85' lang='lat' dir='ltr'><strong>Trebonium</strong></span> 
     </span>
     <span class='ocr_line' id='line_1_13' title="bbox 283 1542 1318 1626; baseline 0.004 -20"><span class='ocrx_word' id='word_1_87' title='bbox 283 1543 423 1626; x_wconf 87' lang='lat' dir='ltr'><strong>legatum</strong></span> <span class='ocrx_word' id='word_1_88' title='bbox 447 1543 677 1626; x_wconf 83' lang='lat' dir='ltr'><strong>cognovissent,</strong></span> <span class='ocrx_word' id='word_1_89' title='bbox 700 1542 797 1608; x_wconf 90' lang='lat' dir='ltr'><strong>duces</strong></span> <span class='ocrx_word' id='word_1_90' title='bbox 812 1545 1049 1610; x_wconf 91' lang='lat' dir='ltr'><strong>Bellovacorum</strong></span> <span class='ocrx_word' id='word_1_91' title='bbox 1069 1545 1161 1610; x_wconf 90' lang='lat' dir='ltr'><strong>veriti</strong></span> <span class='ocrx_word' id='word_1_92' title='bbox 1183 1545 1318 1611; x_wconf 88' lang='lat' dir='ltr'><strong>similem</strong></span> 
     </span>
     <span class='ocr_line' id='line_1_14' title="bbox 284 1645 1319 1730; baseline 0.003 -19"><span class='ocrx_word' id='word_1_93' title='bbox 284 1645 497 1711; x_wconf 88' lang='lat' dir='ltr'><strong>obsessionem</strong></span> <span class='ocrx_word' id='word_1_94' title='bbox 510 1646 639 1711; x_wconf 78' lang='lat' dir='ltr'><strong>Alesiae</strong></span> <span class='ocrx_word' id='word_1_95' title='bbox 654 1654 749 1712; x_wconf 89' lang='lat' dir='ltr'><strong>noctu</strong></span> <span class='ocrx_word' id='word_1_96' title='bbox 765 1645 926 1710; x_wconf 85' lang='lat' dir='ltr'><strong>dimittunt</strong></span> <span class='ocrx_word' id='word_1_97' title='bbox 949 1667 1011 1729; x_wconf 82' lang='lat' dir='ltr'><strong>eos,</strong></span> <span class='ocrx_word' id='word_1_98' title='bbox 1036 1668 1113 1730; x_wconf 92' lang='lat' dir='ltr'><strong>quos</strong></span> <span class='ocrx_word' id='word_1_99' title='bbox 1136 1653 1192 1712; x_wconf 88' lang='lat' dir='ltr'><strong>aut</strong></span> <span class='ocrx_word' id='word_1_100' title='bbox 1212 1655 1319 1714; x_wconf 87' lang='lat' dir='ltr'><strong>aetate</strong></span> 
     </span>
     <span class='ocr_line' id='line_1_15' title="bbox 283 1749 1318 1835; baseline 0.003 -21"><span class='ocrx_word' id='word_1_101' title='bbox 283 1755 339 1814; x_wconf 90' lang='lat' dir='ltr'><strong>aut</strong></span> <span class='ocrx_word' id='word_1_102' title='bbox 360 1749 480 1814; x_wconf 90' lang='lat' dir='ltr'><strong>viribus</strong></span> <span class='ocrx_word' id='word_1_103' title='bbox 502 1749 665 1814; x_wconf 86' lang='lat' dir='ltr'><strong>inferiores</strong></span> <span class='ocrx_word' id='word_1_104' title='bbox 687 1757 741 1814; x_wconf 91' lang='lat' dir='ltr'><strong>aut</strong></span> <span class='ocrx_word' id='word_1_105' title='bbox 764 1750 900 1815; x_wconf 92' lang='lat' dir='ltr'><strong>inermes</strong></span> <span class='ocrx_word' id='word_1_106' title='bbox 922 1750 1093 1833; x_wconf 89' lang='lat' dir='ltr'><strong>habebant,</strong></span> <span class='ocrx_word' id='word_1_107' title='bbox 1117 1773 1243 1835; x_wconf 90' lang='lat' dir='ltr'><strong>unaque</strong></span> <span class='ocrx_word' id='word_1_108' title='bbox 1273 1773 1318 1817; x_wconf 94' lang='lat' dir='ltr'><strong>re-</strong></span> 
     </span>
     <span class='ocr_line' id='line_1_16' title="bbox 251 1851 1318 1937; baseline -0.004 -16"><span class='ocrx_word' id='word_1_109' title='bbox 251 1853 370 1936; x_wconf 76' lang='lat' dir='ltr'><strong>aliqua</strong></span> <span class='ocrx_word' id='word_1_110' title='bbox 398 1851 632 1937; x_wconf 87' lang='lat' dir='ltr'><strong>impedimenta.</strong></span> <span class='ocrx_word' id='word_1_111' title='bbox 680 1873 809 1935; x_wconf 90' lang='lat' dir='ltr'><strong>quorum</strong></span> <span class='ocrx_word' id='word_1_112' title='bbox 838 1856 1055 1937; x_wconf 85' lang='lat' dir='ltr'><strong>perturbatum</strong></span> <span class='ocrx_word' id='word_1_113' title='bbox 1089 1861 1120 1920; x_wconf 90' lang='lat' dir='ltr'><strong>et</strong></span> <span class='ocrx_word' id='word_1_114' title='bbox 1154 1855 1318 1921; x_wconf 85' lang='lat' dir='ltr'><strong>confusum</strong></span> 
     </span>
     <span class='ocr_line' id='line_1_17' title="bbox 284 1955 1316 2041; baseline 0.003 -22"><span class='ocrx_word' id='word_1_115' title='bbox 284 1955 359 2020; x_wconf 93' lang='lat' dir='ltr'><strong>dum</strong></span> <span class='ocrx_word' id='word_1_116' title='bbox 387 1957 547 2041; x_wconf 84' lang='lat' dir='ltr'><strong>explicant</strong></span> <span class='ocrx_word' id='word_1_117' title='bbox 573 1975 689 2040; x_wconf 88' lang='lat' dir='ltr'><strong>agmen</strong></span> <span class='ocrx_word' id='word_1_118' title='bbox 724 1993 764 2003; x_wconf 90' lang='lat'><em>-</em></span> <span class='ocrx_word' id='word_1_119' title='bbox 799 1977 916 2040; x_wconf 90' lang='lat' dir='ltr'><strong>magna</strong></span> <span class='ocrx_word' id='word_1_120' title='bbox 946 1957 1030 2022; x_wconf 89' lang='lat' dir='ltr'><strong>enim</strong></span> <span class='ocrx_word' id='word_1_121' title='bbox 1059 1958 1225 2024; x_wconf 89' lang='lat' dir='ltr'><strong>multitudo</strong></span> <span class='ocrx_word' id='word_1_122' title='bbox 1254 1979 1316 2023; x_wconf 80' lang='lat' dir='ltr'><strong>can</strong></span> 
     </span>
     <span class='ocr_line' id='line_1_18' title="bbox 283 2058 1317 2150; baseline 0.003 -27"><span class='ocrx_word' id='word_1_123' title='bbox 283 2080 387 2124; x_wconf 92' lang='lat' dir='ltr'><strong>rorum</strong></span> <span class='ocrx_word' id='word_1_124' title='bbox 410 2061 505 2124; x_wconf 88' lang='lat' dir='ltr'><strong>etiam</strong></span> <span class='ocrx_word' id='word_1_125' title='bbox 529 2058 693 2143; x_wconf 83' lang='lat' dir='ltr'><strong>expeditos</strong></span> <span class='ocrx_word' id='word_1_126' title='bbox 713 2060 802 2142; x_wconf 91' lang='lat' dir='ltr'><strong>sequi</strong></span> <span class='ocrx_word' id='word_1_127' title='bbox 819 2060 924 2125; x_wconf 84' lang='lat' dir='ltr'><strong>Gallos</strong></span> <span class='ocrx_word' id='word_1_128' title='bbox 940 2061 1159 2127; x_wconf 87' lang='lat' dir='ltr'><strong>consuevit-</strong></span> <span class='ocrx_word' id='word_1_129' title='bbox 1175 2063 1317 2150; x_wconf 91' lang='lat' dir='ltr'><strong>oppressi</strong></span> 
     </span>
     <span class='ocr_line' id='line_1_19' title="bbox 283 2161 1317 2249; baseline 0.004 -23"><span class='ocrx_word' id='word_1_130' title='bbox 283 2163 353 2226; x_wconf 89' lang='lat' dir='ltr'><strong>luce</strong></span> <span class='ocrx_word' id='word_1_131' title='bbox 387 2161 492 2246; x_wconf 90' lang='lat' dir='ltr'><strong>copias</strong></span> <span class='ocrx_word' id='word_1_132' title='bbox 525 2167 716 2228; x_wconf 88' lang='lat' dir='ltr'><strong>armatorum</strong></span> <span class='ocrx_word' id='word_1_133' title='bbox 743 2184 799 2247; x_wconf 93' lang='lat' dir='ltr'><strong>pro</strong></span> <span class='ocrx_word' id='word_1_134' title='bbox 829 2164 894 2228; x_wconf 91' lang='lat' dir='ltr'><strong>suis</strong></span> <span class='ocrx_word' id='word_1_135' title='bbox 927 2164 1087 2228; x_wconf 89' lang='lat' dir='ltr'><strong>instruunt</strong></span> <span class='ocrx_word' id='word_1_136' title='bbox 1120 2167 1240 2249; x_wconf 84' lang='lat' dir='ltr'><strong>castris,</strong></span> <span class='ocrx_word' id='word_1_137' title='bbox 1276 2186 1317 2230; x_wconf 87' lang='lat' dir='ltr'><strong>ne</strong></span> 
     </span>
     <span class='ocr_line' id='line_1_20' title="bbox 283 2264 1316 2352; baseline 0.005 -25"><span class='ocrx_word' id='word_1_138' title='bbox 283 2265 370 2348; x_wconf 90' lang='lat' dir='ltr'><strong>prius</strong></span> <span class='ocrx_word' id='word_1_139' title='bbox 385 2264 518 2329; x_wconf 88' lang='lat' dir='ltr'><strong>Romani</strong></span> <span class='ocrx_word' id='word_1_140' title='bbox 533 2266 679 2348; x_wconf 91' lang='lat' dir='ltr'><strong>persequi</strong></span> <span class='ocrx_word' id='word_1_141' title='bbox 694 2285 729 2330; x_wconf 91' lang='lat' dir='ltr'><strong>se</strong></span> <span class='ocrx_word' id='word_1_142' title='bbox 750 2266 935 2350; x_wconf 87' lang='lat' dir='ltr'><strong>inciperent,</strong></span> <span class='ocrx_word' id='word_1_143' title='bbox 953 2288 1047 2348; x_wconf 90' lang='lat' dir='ltr'><strong>quam</strong></span> <span class='ocrx_word' id='word_1_144' title='bbox 1061 2269 1186 2352; x_wconf 91' lang='lat' dir='ltr'><strong>longius</strong></span> <span class='ocrx_word' id='word_1_145' title='bbox 1201 2289 1316 2352; x_wconf 86' lang='lat' dir='ltr'><strong>agmen</strong></span> 
     </span>
     <span class='ocr_line' id='line_1_21' title="bbox 250 2367 1317 2454; baseline 0 -18"><span class='ocrx_word' id='word_1_146' title='bbox 250 2367 578 2450; x_wconf 83' lang='lat' dir='ltr'><strong>aimp&#39;edimentorum</strong></span> <span class='ocrx_word' id='word_1_147' title='bbox 600 2388 726 2432; x_wconf 91' lang='lat' dir='ltr'><strong>suorum</strong></span> <span class='ocrx_word' id='word_1_148' title='bbox 748 2370 959 2452; x_wconf 78' lang='lat' dir='ltr'><strong>processisset.</strong></span> <span class='ocrx_word' id='word_1_149' title='bbox 1005 2377 1038 2434; x_wconf 89' lang='lat' dir='ltr'><strong>at</strong></span> <span class='ocrx_word' id='word_1_150' title='bbox 1066 2371 1183 2437; x_wconf 78' lang='lat' dir='ltr'><strong>Caesar</strong></span> <span class='ocrx_word' id='word_1_151' title='bbox 1212 2392 1317 2454; x_wconf 89' lang='lat' dir='ltr'><strong>neque</strong></span> 
     </span>
     <span class='ocr_line' id='line_1_22' title="bbox 284 2471 1315 2559; baseline 0.004 -25"><span class='ocrx_word' id='word_1_152' title='bbox 284 2471 465 2536; x_wconf 87' lang='lat' dir='ltr'><strong>resistentes</strong></span> <span class='ocrx_word' id='word_1_153' title='bbox 494 2471 726 2556; x_wconf 88' lang='lat' dir='ltr'><strong>aggrediendos</strong></span> <span class='ocrx_word' id='word_1_154' title='bbox 755 2481 843 2538; x_wconf 91' lang='lat' dir='ltr'><strong>tanto</strong></span> <span class='ocrx_word' id='word_1_155' title='bbox 874 2475 961 2539; x_wconf 90' lang='lat' dir='ltr'><strong>collis</strong></span> <span class='ocrx_word' id='word_1_156' title='bbox 990 2494 1123 2540; x_wconf 89' lang='lat' dir='ltr'><strong>ascensu</strong></span> <span class='ocrx_word' id='word_1_157' title='bbox 1145 2475 1315 2559; x_wconf 83' lang='lat' dir='ltr'><strong>iudicabat,</strong></span> 
     </span>
     <span class='ocr_line' id='line_1_23' title="bbox 283 2575 1316 2661; baseline 0.004 -23"><span class='ocrx_word' id='word_1_158' title='bbox 283 2593 387 2657; x_wconf 89' lang='lat' dir='ltr'><strong>neque</strong></span> <span class='ocrx_word' id='word_1_159' title='bbox 409 2594 472 2639; x_wconf 92' lang='lat' dir='ltr'><strong>non</strong></span> <span class='ocrx_word' id='word_1_160' title='bbox 494 2594 594 2658; x_wconf 90' lang='lat' dir='ltr'><strong>usque</strong></span> <span class='ocrx_word' id='word_1_161' title='bbox 617 2595 654 2640; x_wconf 90' lang='lat' dir='ltr'><strong>eo</strong></span> <span class='ocrx_word' id='word_1_162' title='bbox 676 2575 817 2658; x_wconf 84' lang='lat' dir='ltr'><strong>legiones</strong></span> <span class='ocrx_word' id='word_1_163' title='bbox 839 2575 1065 2661; x_wconf 87' lang='lat' dir='ltr'><strong>admovendas,</strong></span> <span class='ocrx_word' id='word_1_164' title='bbox 1088 2583 1123 2642; x_wconf 90' lang='lat' dir='ltr'><strong>ut</strong></span> <span class='ocrx_word' id='word_1_165' title='bbox 1152 2577 1316 2643; x_wconf 86' lang='lat' dir='ltr'><strong>discedere</strong></span> 
     </span>
     <span class='ocr_line' id='line_1_24' title="bbox 284 2679 1315 2764; baseline 0.005 -23"><span class='ocrx_word' id='word_1_166' title='bbox 284 2697 325 2741; x_wconf 83' lang='lat' dir='ltr'><strong>ex</strong></span> <span class='ocrx_word' id='word_1_167' title='bbox 355 2698 391 2744; x_wconf 93' lang='lat' dir='ltr'><strong>eo</strong></span> <span class='ocrx_word' id='word_1_168' title='bbox 420 2679 487 2744; x_wconf 93' lang='lat' dir='ltr'><strong>loco</strong></span> <span class='ocrx_word' id='word_1_169' title='bbox 519 2679 587 2744; x_wconf 90' lang='lat' dir='ltr'><strong>sine</strong></span> <span class='ocrx_word' id='word_1_170' title='bbox 617 2679 755 2764; x_wconf 89' lang='lat' dir='ltr'><strong>periculo</strong></span> <span class='ocrx_word' id='word_1_171' title='bbox 784 2681 911 2744; x_wconf 87' lang='lat' dir='ltr'><strong>barbari</strong></span> <span class='ocrx_word' id='word_1_172' title='bbox 941 2680 1093 2746; x_wconf 90' lang='lat' dir='ltr'><strong>militibus</strong></span> <span class='ocrx_word' id='word_1_173' title='bbox 1124 2681 1315 2746; x_wconf 88' lang='lat' dir='ltr'><strong>instantibus</strong></span> 
     </span>
     <span class='ocr_line' id='line_1_25' title="bbox 249 2782 1316 2867; baseline 0.001 -20"><span class='ocrx_word' id='word_1_174' title='bbox 249 2801 346 2848; x_wconf 91' lang='lat' dir='ltr'><strong>4non</strong></span> <span class='ocrx_word' id='word_1_175' title='bbox 368 2789 505 2865; x_wconf 87' lang='lat' dir='ltr'><strong>possent.</strong></span> <span class='ocrx_word' id='word_1_176' title='bbox 551 2783 596 2846; x_wconf 90' lang='lat' dir='ltr'><strong>ita</strong></span> <span class='ocrx_word' id='word_1_177' title='bbox 619 2803 689 2846; x_wconf 91' lang='lat' dir='ltr'><strong>cum</strong></span> <span class='ocrx_word' id='word_1_178' title='bbox 711 2782 827 2867; x_wconf 88' lang='lat' dir='ltr'><strong>palude</strong></span> <span class='ocrx_word' id='word_1_179' title='bbox 849 2782 1001 2866; x_wconf 88' lang='lat' dir='ltr'><strong>impedita</strong></span> <span class='ocrx_word' id='word_1_180' title='bbox 1022 2804 1043 2846; x_wconf 90' lang='lat' dir='ltr'><strong>a</strong></span> <span class='ocrx_word' id='word_1_181' title='bbox 1073 2785 1183 2848; x_wconf 88' lang='lat' dir='ltr'><strong>castris</strong></span> <span class='ocrx_word' id='word_1_182' title='bbox 1213 2791 1316 2850; x_wconf 88' lang='lat' dir='ltr'><strong>castra</strong></span> 
     </span>
     <span class='ocr_line' id='line_1_26' title="bbox 284 2883 1316 2968; baseline 0.004 -20"><span class='ocrx_word' id='word_1_183' title='bbox 284 2884 383 2948; x_wconf 93' lang='lat' dir='ltr'><strong>dividi</strong></span> <span class='ocrx_word' id='word_1_184' title='bbox 398 2883 529 2966; x_wconf 88' lang='lat' dir='ltr'><strong>videret,</strong></span> <span class='ocrx_word' id='word_1_185' title='bbox 553 2905 634 2968; x_wconf 93' lang='lat' dir='ltr'><strong>quae</strong></span> <span class='ocrx_word' id='word_1_186' title='bbox 657 2884 840 2951; x_wconf 88' lang='lat' dir='ltr'><strong>transeundi</strong></span> <span class='ocrx_word' id='word_1_187' title='bbox 864 2885 1033 2952; x_wconf 87' lang='lat' dir='ltr'><strong>difficultas</strong></span> <span class='ocrx_word' id='word_1_188' title='bbox 1055 2888 1248 2954; x_wconf 87' lang='lat' dir='ltr'><strong>celeritatem</strong></span> <span class='ocrx_word' id='word_1_189' title='bbox 1270 2888 1316 2952; x_wconf 90' lang='lat' dir='ltr'><strong>in-</strong></span> 
     </span>
     <span class='ocr_line' id='line_1_27' title="bbox 283 2987 1315 3074; baseline 0.004 -22"><span class='ocrx_word' id='word_1_190' title='bbox 283 2987 436 3070; x_wconf 90' lang='lat' dir='ltr'><strong>sequendi</strong></span> <span class='ocrx_word' id='word_1_191' title='bbox 468 2988 593 3054; x_wconf 90' lang='lat' dir='ltr'><strong>tardare</strong></span> <span class='ocrx_word' id='word_1_192' title='bbox 627 2995 742 3073; x_wconf 88' lang='lat' dir='ltr'><strong>posset,</strong></span> <span class='ocrx_word' id='word_1_193' title='bbox 776 2995 871 3072; x_wconf 87' lang='lat' dir='ltr'><strong>atque</strong></span> <span class='ocrx_word' id='word_1_194' title='bbox 904 2989 938 3053; x_wconf 92' lang='lat' dir='ltr'><strong>id</strong></span> <span class='ocrx_word' id='word_1_195' title='bbox 966 2990 1083 3074; x_wconf 84' lang='lat' dir='ltr'><strong>iugum,</strong></span> <span class='ocrx_word' id='word_1_196' title='bbox 1115 2990 1199 3072; x_wconf 91' lang='lat' dir='ltr'><strong>quod</strong></span> <span class='ocrx_word' id='word_1_197' title='bbox 1227 2998 1315 3056; x_wconf 87' lang='lat' dir='ltr'><strong>trans</strong></span> 
     </span>
     <span class='ocr_line' id='line_1_28' title="bbox 283 3089 1314 3176; baseline 0.005 -22"><span class='ocrx_word' id='word_1_198' title='bbox 283 3089 431 3174; x_wconf 91' lang='lat' dir='ltr'><strong>paludem</strong></span> <span class='ocrx_word' id='word_1_199' title='bbox 460 3111 562 3174; x_wconf 89' lang='lat' dir='ltr'><strong>paene</strong></span> <span class='ocrx_word' id='word_1_200' title='bbox 591 3091 633 3156; x_wconf 93' lang='lat' dir='ltr'><strong>ad</strong></span> <span class='ocrx_word' id='word_1_201' title='bbox 663 3092 799 3156; x_wconf 91' lang='lat' dir='ltr'><strong>hostium</strong></span> <span class='ocrx_word' id='word_1_202' title='bbox 829 3098 932 3156; x_wconf 88' lang='lat' dir='ltr'><strong>castra</strong></span> <span class='ocrx_word' id='word_1_203' title='bbox 961 3093 1142 3176; x_wconf 78' lang='lat' dir='ltr'><strong>pertineret,</strong></span> <span class='ocrx_word' id='word_1_204' title='bbox 1166 3093 1314 3160; x_wconf 89' lang='lat' dir='ltr'><strong>mediocri</strong></span> 
     </span>
     <span class='ocr_line' id='line_1_29' title="bbox 283 3194 1313 3282; baseline 0.007 -27"><span class='ocrx_word' id='word_1_205' title='bbox 283 3194 366 3256; x_wconf 93' lang='lat' dir='ltr'><strong>valle</strong></span> <span class='ocrx_word' id='word_1_206' title='bbox 387 3213 408 3257; x_wconf 91' lang='lat' dir='ltr'><strong>a</strong></span> <span class='ocrx_word' id='word_1_207' title='bbox 430 3195 540 3259; x_wconf 89' lang='lat' dir='ltr'><strong>castris</strong></span> <span class='ocrx_word' id='word_1_208' title='bbox 564 3215 670 3260; x_wconf 91' lang='lat' dir='ltr'><strong>eorum</strong></span> <span class='ocrx_word' id='word_1_209' title='bbox 685 3196 867 3259; x_wconf 89' lang='lat' dir='ltr'><strong>intercisum</strong></span> <span class='ocrx_word' id='word_1_210' title='bbox 882 3196 1021 3259; x_wconf 87' lang='lat' dir='ltr'><strong>animum</strong></span> <span class='ocrx_word' id='word_1_211' title='bbox 1036 3196 1225 3280; x_wconf 82' lang='lat' dir='ltr'><strong>adverteret,</strong></span> <span class='ocrx_word' id='word_1_212' title='bbox 1241 3219 1313 3282; x_wconf 90' lang='lat' dir='ltr'><strong>pou·</strong></span> 
     </span>
     <span class='ocr_line' id='line_1_30' title="bbox 283 3283 1315 3384; baseline 0.006 -25"><span class='ocrx_word' id='word_1_213' title='bbox 283 3296 367 3360; x_wconf 88' lang='lat' dir='ltr'><strong>tibus</strong></span> <span class='ocrx_word' id='word_1_214' title='bbox 395 3283 523 3380; x_wconf 82' lang='lat' dir='ltr'><strong>palude</strong></span> <span class='ocrx_word' id='word_1_215' title='bbox 541 3304 698 3364; x_wconf 89' lang='lat' dir='ltr'><strong>constrata</strong></span> <span class='ocrx_word' id='word_1_216' title='bbox 727 3298 868 3382; x_wconf 85' lang='lat' dir='ltr'><strong>legiones</strong></span> <span class='ocrx_word' id='word_1_217' title='bbox 898 3299 1033 3363; x_wconf 87' lang='lat' dir='ltr'><strong>traducit</strong></span> <span class='ocrx_word' id='word_1_218' title='bbox 1056 3301 1260 3384; x_wconf 88' lang='lat' dir='ltr'><strong>celeriterque</strong></span> <span class='ocrx_word' id='word_1_219' title='bbox 1282 3302 1315 3365; x_wconf 92' lang='lat' dir='ltr'><strong>in</strong></span> 
     </span>
     <span class='ocr_line' id='line_1_31' title="bbox 283 3401 1315 3488; baseline 0.007 -26"><span class='ocrx_word' id='word_1_220' title='bbox 283 3419 437 3464; x_wconf 88' lang='lat' dir='ltr'><strong>summam</strong></span> <span class='ocrx_word' id='word_1_221' title='bbox 466 3401 635 3484; x_wconf 91' lang='lat' dir='ltr'><strong>planiciem</strong></span> <span class='ocrx_word' id='word_1_222' title='bbox 665 3401 731 3485; x_wconf 88' lang='lat' dir='ltr'><strong>iugi</strong></span> <span class='ocrx_word' id='word_1_223' title='bbox 759 3402 914 3486; x_wconf 89' lang='lat' dir='ltr'><strong>pervenit,</strong></span> <span class='ocrx_word' id='word_1_224' title='bbox 945 3422 1025 3484; x_wconf 89' lang='lat' dir='ltr'><strong>quae</strong></span> <span class='ocrx_word' id='word_1_225' title='bbox 1052 3402 1166 3468; x_wconf 84' lang='lat' dir='ltr'><strong>declivi</strong></span> <span class='ocrx_word' id='word_1_226' title='bbox 1188 3403 1315 3488; x_wconf 84' lang='lat' dir='ltr'><strong>fastigio</strong></span> 
     </span>
     <span class='ocr_line' id='line_1_32' title="bbox 249 3500 1315 3588; baseline 0.008 -23"><span class='ocrx_word' id='word_1_227' title='bbox 249 3500 404 3572; x_wconf 77' lang='lat' dir='ltr'><strong>advobus</strong></span> <span class='ocrx_word' id='word_1_228' title='bbox 431 3503 471 3566; x_wconf 94' lang='lat' dir='ltr'><strong>ab</strong></span> <span class='ocrx_word' id='word_1_229' title='bbox 494 3503 644 3568; x_wconf 89' lang='lat' dir='ltr'><strong>lateribus</strong></span> <span class='ocrx_word' id='word_1_230' title='bbox 667 3504 874 3568; x_wconf 88' lang='lat' dir='ltr'><strong>muniebatur.</strong></span> <span class='ocrx_word' id='word_1_231' title='bbox 921 3505 965 3568; x_wconf 92' lang='lat' dir='ltr'><strong>ibi</strong></span> <span class='ocrx_word' id='word_1_232' title='bbox 987 3505 1164 3588; x_wconf 84' lang='lat' dir='ltr'><strong>legionibus</strong></span> <span class='ocrx_word' id='word_1_233' title='bbox 1186 3509 1315 3574; x_wconf 78' lang='lat' dir='ltr'><strong>instruo</strong></span> 
     </span>
     <span class='ocr_line' id='line_1_33' title="bbox 283 3605 1315 3691; baseline 0.01 -23"><span class='ocrx_word' id='word_1_234' title='bbox 283 3605 323 3670; x_wconf 87' lang='lat' dir='ltr'><strong>tis</strong></span> <span class='ocrx_word' id='word_1_235' title='bbox 351 3605 393 3668; x_wconf 92' lang='lat' dir='ltr'><strong>ad</strong></span> <span class='ocrx_word' id='word_1_236' title='bbox 422 3606 566 3671; x_wconf 92' lang='lat' dir='ltr'><strong>ultimum</strong></span> <span class='ocrx_word' id='word_1_237' title='bbox 595 3606 704 3691; x_wconf 87' lang='lat' dir='ltr'><strong>iugum</strong></span> <span class='ocrx_word' id='word_1_238' title='bbox 733 3609 878 3690; x_wconf 88' lang='lat' dir='ltr'><strong>pervenit</strong></span> <span class='ocrx_word' id='word_1_239' title='bbox 907 3610 1071 3690; x_wconf 86' lang='lat' dir='ltr'><strong>aciemque</strong></span> <span class='ocrx_word' id='word_1_240' title='bbox 1095 3631 1131 3675; x_wconf 92' lang='lat' dir='ltr'><strong>eo</strong></span> <span class='ocrx_word' id='word_1_241' title='bbox 1154 3612 1221 3677; x_wconf 91' lang='lat' dir='ltr'><strong>loco</strong></span> <span class='ocrx_word' id='word_1_242' title='bbox 1244 3633 1315 3678; x_wconf 92' lang='lat' dir='ltr'><strong>con-</strong></span> 
     </span>
     <span class='ocr_line' id='line_1_34' title="bbox 180 3709 1313 3789; baseline 0.004 -13"><span class='ocrx_word' id='word_1_243' title='bbox 180 3771 184 3776; x_wconf 82' lang='lat'>.</span> <span class='ocrx_word' id='word_1_244' title='bbox 284 3709 392 3789; x_wconf 88' lang='lat' dir='ltr'><strong>stituit,</strong></span> <span class='ocrx_word' id='word_1_245' title='bbox 414 3709 499 3774; x_wconf 90' lang='lat' dir='ltr'><strong>unde</strong></span> <span class='ocrx_word' id='word_1_246' title='bbox 522 3715 676 3774; x_wconf 86' lang='lat' dir='ltr'><strong>tormento</strong></span> <span class='ocrx_word' id='word_1_247' title='bbox 692 3710 788 3774; x_wconf 88' lang='lat' dir='ltr'><strong>missa</strong></span> <span class='ocrx_word' id='word_1_248' title='bbox 804 3711 866 3774; x_wconf 92' lang='lat' dir='ltr'><strong>tela</strong></span> <span class='ocrx_word' id='word_1_249' title='bbox 881 3712 913 3774; x_wconf 91' lang='lat' dir='ltr'><strong>in</strong></span> <span class='ocrx_word' id='word_1_250' title='bbox 931 3711 1065 3776; x_wconf 90' lang='lat' dir='ltr'><strong>hostium</strong></span> <span class='ocrx_word' id='word_1_251' title='bbox 1082 3733 1198 3779; x_wconf 90' lang='lat' dir='ltr'><strong>cuneos</strong></span> <span class='ocrx_word' id='word_1_252' title='bbox 1214 3717 1313 3781; x_wconf 89' lang='lat' dir='ltr'><strong>conici</strong></span> 
     </span>
     <span class='ocr_line' id='line_1_35' title="bbox 284 3818 419 3891; baseline 0.015 -19"><span class='ocrx_word' id='word_1_253' title='bbox 284 3818 419 3891; x_wconf 90' lang='lat' dir='ltr'><strong>possent.</strong></span> 
     </span>
    </p>
   </div>
   <div class='ocr_carea' id='block_1_3' title="bbox 0 0 1484 4192">
    <p class='ocr_par' dir='ltr' id='par_1_3' title="bbox 0 0 1484 4192">
     <span class='ocr_line' id='line_1_36' title="bbox 0 0 1484 4192; baseline 0 3"><span class='ocrx_word' id='word_1_254' title='bbox 0 0 1484 4192; x_wconf 95' lang='lat' dir='ltr'><strong> </strong></span> 
     </span>
    </p>
   </div>
  </div>
 </body>
</html>
