2966 4196
257 198 319 262 120
588 208 773 265 nnsnnno
792 208 954 265 onnnroo

222 408 235 455 1
358 387 398 450 X.
443 383 575 449 Interim
604 382 714 467 paucis
744 388 816 467 post
845 373 957 446 diebus
987 382 1022 446 fit
1044 383 1084 447 ab
1109 382 1200 448 Ubiis
1224 401 1287 446 cer·

253 489 314 554 tior
336 489 457 555 Suebos
479 505 589 552 omnes
610 485 644 550 in
666 505 764 550 unum
786 485 889 549 locum
912 484 1019 568 copias
1050 503 1162 567 cogere
1191 490 1288 566 atque

253 592 293 657 iis
311 590 500 672 nationibus,
525 609 606 672 quae
628 588 687 654 sub
710 607 817 652 eorum
840 587 903 652 sint
924 587 1066 672 imperio,
1090 587 1286 670 denuntiare,

221 701 289 762 aut
318 695 438 759 auxilia
466 692 627 778 peditatus
651 690 871 774 equitatusque
898 690 1035 755 mittant.
1080 690 1129 756 his
1153 691 1288 775 cognitis

254 800 348 864 rebus
362 799 429 862 'rem
444 795 681 860 frumentariam
703 793 857 878 providet,
882 794 993 859 castris
1015 793 1163 859 idoneum
1184 795 1288 858 locum

254 901 377 985 deligit;
408 899 500 966 Ubiis
528 899 671 982 imperat,
702 903 737 961 ut
765 916 881 981 pecora
903 896 1061 962 deducant
1083 917 1203 980 suaque
1225 917 1288 962 om-

254 1005 308 1069 nia
330 1025 371 1069 ex
393 1003 479 1087 agris
501 1002 534 1066 in
554 999 671 1086 oppida
685 1000 857 1081 conferant,
881 1020 1012 1085 sperans
1027 1000 1176 1065 barbaros
1191 1006 1288 1083 atque

254 1108 413 1192 imperitos
435 1105 579 1170 homines
593 1104 700 1187 inopia
716 1104 901 1168 cibariorum
915 1103 1068 1168 adductos
1082 1103 1125 1168 ad
1146 1104 1287 1186 iniquam

220 1229 236 1278 s
254 1208 417 1294 pugnandi
437 1207 652 1273 condicionem
675 1225 769 1291 posse
790 1206 917 1292 deduci;
941 1207 1080 1290 mandat,
1103 1213 1139 1272 ut
1161 1208 1287 1272 crebros

255 1305 476 1397 exploratores
496 1311 529 1375 in
551 1311 672 1376 Suebos
701 1309 837 1392 mittant,
869 1329 1012 1392 quaeque
1039 1309 1125 1394 apud
1151 1329 1205 1376 eos
1234 1331 1287 1394 ge·

219 1436 237 1484 r
254 1422 371 1499 rantur,
395 1419 594 1498 cognoscant.
628 1412 674 1476 illi
695 1411 850 1495 imperata
864 1411 985 1476 faciunt
1000 1418 1032 1477 et
1050 1412 1159 1497 paucis
1174 1412 1288 1480 diebus

253 1517 440 1583 intermissis
461 1516 614 1581 referunt:
638 1515 760 1582 Suebos
775 1534 894 1598 omnes,
917 1521 1123 1599 posteaquam
1139 1517 1287 1583 certiores

254 1620 356 1684 nuntii
371 1620 411 1684 de
427 1610 567 1684 exercitu
581 1619 793 1683 Romanorum
804 1617 959 1702 venerint,
976 1638 1047 1684 curn
1062 1619 1207 1685 omnibus
1222 1621 1286 1686 suis

254 1724 469 1807 sociorumque
485 1721 592 1807 copiis,
616 1740 695 1804 quas
715 1721 900 1806 coegissent,
923 1721 1049 1807 penitus
1063 1722 1106 1788 ad
1129 1729 1286 1789 extremos

220 1826 334 1894 sfines
354 1846 390 1894 se
411 1827 582 1911 recepisse;
605 1825 718 1901 silvam
742 1845 811 1891 esse
838 1825 883 1890 ibi
905 1825 1029 1890 infinita
1057 1826 1284 1910 magnitudine,

255 1949 336 2014 quac
364 1931 542 2015 appellatur
562 1929 711 2013 Bacenis;
734 1928 817 1994 hanc
839 1929 933 2012 longe
955 1928 1107 1994 introrsus
1129 1929 1285 2014 pertinere

255 2040 287 2099 et
307 2055 363 2118 pro
383 2033 491 2099 nativo
506 2052 593 2097 muro
609 2033 764 2098 obiectam
781 2031 954 2099 Cheruscos
968 2031 1009 2095 ab
1026 2033 1139 2098 Suebis
1155 2033 1285 2098 Suebos-

255 2154 316 2218 que
355 2137 396 2201 ab
431 2134 597 2201 Cheruscis
629 2135 809 2219 prohibere;
846 2133 889 2198 ad
922 2134 989 2200 eius
1022 2135 1146 2201 initium
1186 2135 1285 2200 silvae

254 2238 374 2304 Suebos
396 2236 569 2301 adventum
591 2239 802 2302 Romanorum
826 2244 1010 2321 exspectare
1034 2238 1240 2304 constituisse.

222 2363 234 2409 r
356 2341 413 2405 XI.
459 2338 616 2416 Quoniam
637 2339 680 2404 ad
701 2340 786 2405 huno
806 2342 909 2406 locum
931 2348 1118 2425 perventum
1141 2347 1198 2425 est,
1222 2362 1284 2406 non

253 2444 391 2508 alienum
415 2463 484 2510 esse
506 2442 631 2508 videtur
661 2443 700 2507 de
723 2443 844 2508 Galliae
867 2444 1118 2526 Germaniaeque
1148 2444 1284 2510 moribus

164 2609 166 2616 Α
220 2553 295 2630 aet,
319 2567 380 2629 quo
403 2544 551 2612 differant
573 2546 634 2610 hae
656 2547 800 2612 nationes
823 2547 905 2611 inter
927 2567 1006 2631 sese,
1030 2567 1213 2631 proponere.
1251 2547 1284 2612 iu

254 2649 357 2715 Gallia
378 2670 442 2714 non
465 2651 566 2715 solum
588 2649 622 2713 in
645 2649 790 2715 omnibus
812 2649 993 2716 civitatibus
1014 2657 1110 2732 atque
1133 2650 1166 2714 in
1189 2650 1285 2716 omni-

253 2752 312 2817 bus
334 2752 426 2836 pagis
448 2753 663 2836 partibusque,
687 2751 744 2816 sed
766 2771 868 2835 paene
890 2752 987 2816 etiam
1015 2753 1049 2817 in
1080 2753 1212 2836 singulis
1234 2751 1286 2817 do-

253 2855 357 2920 mibus
378 2856 533 2921 factiones
549 2862 631 2939 sunt,
648 2875 818 2937 earumque
833 2855 1006 2921 factionum
1028 2855 1187 2940 principes
1202 2861 1284 2938 sunt,

104 2949 106 2954 ’
220 2959 307 3042 aqui
329 2978 485 3024 summam
506 2958 725 3024 auctoritatem
749 2978 855 3022 eorum
884 2957 1000 3024 iudicio
1031 2958 1149 3024 habere
1180 2957 1285 3023 existi·

193 3049 198 3061 ⁸
253 3068 387 3146 mantur,
418 3081 549 3144 quorum
578 3060 621 3125 ad
651 3061 814 3125 arbitrium
843 3059 1056 3143 iudiciumque
1078 3080 1202 3127 summa
1222 3081 1286 3125 om·

218 3164 340 3232 tnium
361 3183 466 3228 rerum
488 3163 748 3246 consiliorumque
770 3164 893 3249 redeat;
915 3163 1011 3247 idque
1033 3164 1100 3230 eius
1121 3164 1169 3230 rei
1191 3183 1286 3228 causa

252 3265 426 3348 antiquitus
447 3265 624 3332 institutum
647 3266 780 3353 videtur,
810 3289 851 3334 ne
882 3267 951 3350 quis
981 3287 1022 3332 ex
1052 3267 1145 3351 plebe
1177 3274 1285 3332 contra

252 3369 461 3452 potentiorem
490 3370 600 3434 auxilii
630 3377 751 3454 egeret:
782 3390 854 3436 suos
884 3370 968 3435 enim
996 3370 1128 3453 quisque
1149 3370 1284 3454 opprimi

252 3477 284 3536 et
306 3471 524 3537 circumveniri
543 3491 607 3536 non
621 3473 748 3557 patitur,
772 3493 885 3556 neque,
907 3474 999 3539 aliter
1014 3473 1041 3539 si
1060 3474 1165 3558 faeiat,
1188 3475 1284 3538 ullam

217 3576 333 3645 cinter
355 3595 428 3641 suos
449 3575 546 3640 habet
568 3567 795 3641 auctoritatem
834 3577 913 3642 haec
936 3577 1047 3642 eadem
1075 3577 1155 3642 ratio
1178 3583 1226 3643 est
1251 3577 1284 3641 in

252 3698 374 3742 summa
396 3678 490 3742 totius
506 3678 641 3743 Galliae:
664 3697 801 3760 namque
823 3698 932 3744 omnes
955 3679 1100 3744 civitates
1122 3681 1155 3744 in
1178 3685 1284 3764 partes

252 3779 374 3846 divisae
397 3788 470 3845 sunt
492 3779 572 3847 duas
